3375 4775
581 548 655 598 rua
678 550 916 600 rounrnrnrn
942 551 1119 602 nrrnnprc
1339 558 1402 623 239

291 721 416 799 tandiS,
441 722 567 805 populo
592 723 746 787 Romano
767 724 810 787 ad
831 746 966 789 causam
982 725 1144 789 libertatis
1160 727 1320 802 vocando,
1339 728 1402 790 nisi

294 838 332 891 ut
359 828 401 889 D.
427 828 549 891 Brutus
571 828 787 891 liberaretur?
832 830 867 892 A
888 851 954 912 quo
976 831 1120 912 populus
1143 831 1314 895 Romanus
1338 833 1402 896 ire-

293 952 403 1015 quens
426 932 471 994 ita
494 931 637 995 salutem
662 934 702 995 D.
733 934 827 995 Bruti
851 954 917 995 una
940 953 1022 997 voce
1047 935 1243 1016 depoposcit
1268 946 1303 999 ut
1327 956 1400 1000 eam

292 1058 364 1100 non
380 1036 485 1099 solum
504 1037 686 1099 commodis
703 1037 781 1112 suis,
796 1038 855 1100 sed
872 1037 971 1100 etiam
988 1039 1178 1102 necessitati
1191 1041 1297 1102 victus
1312 1051 1401 1104 ante·

292 1145 407 1206 ferret.
464 1141 564 1224 Quod
589 1161 724 1223 sperare
749 1162 811 1205 nos
836 1143 970 1223 quidem
995 1143 1164 1219 debemus,
1191 1154 1302 1224 patres
1327 1165 1401 1207 con·
1426 1170 1436 1219 5

294 1249 419 1330 scripti,
445 1256 502 1309 aut
526 1246 608 1309 inibi
630 1267 703 1311 esse
728 1256 785 1309 aut
807 1248 873 1310 iam
901 1268 974 1311 esse
1002 1248 1212 1325 confectum;
1246 1249 1304 1312 sed
1329 1250 1400 1331 spei

293 1352 441 1416 fructum
467 1352 515 1415 rei
539 1353 695 1415 convenit
718 1361 751 1415 et
775 1363 895 1416 evento
920 1354 1089 1428 reservari,
1116 1373 1158 1416 ne
1182 1362 1239 1416 aut
1263 1352 1399 1416 deorum

294 1455 530 1519 immortalium
549 1455 747 1520 beneficium
770 1456 984 1520 festinatione
1007 1456 1229 1539 praeripuisse
1253 1466 1310 1520 aut
1333 1457 1399 1519 vim

295 1561 450 1624 fortunae
466 1560 606 1624 stultitia
621 1561 863 1653 contempsisse
879 1560 1061 1624 videamur.

340 1665 408 1729 Sed
434 1664 590 1746 quoniam
612 1664 810 1746 significatio
837 1674 949 1727 vestra
968 1664 1048 1728 satis
1071 1665 1218 1728 declarat
1236 1665 1315 1747 quid
1336 1666 1437 1728 hac10

295 1769 336 1832 de
368 1789 404 1833 re
436 1768 595 1843 sentiatis,
620 1769 661 1831 ad
692 1769 817 1831 litteras
844 1770 986 1843 veniam,
1004 1789 1090 1850 quae
1118 1779 1195 1832 sunt
1220 1790 1239 1831 a
1261 1770 1399 1855 consuli·

294 1873 357 1936 bus
378 1882 412 1936 et
433 1892 452 1935 a
474 1882 691 1955 propraetore
715 1873 845 1948 missae,
863 1872 891 1934 si
912 1892 1020 1954 pauca
1040 1883 1127 1949 ante,
1145 1893 1230 1954 quae
1252 1872 1293 1935 ad
1310 1859 1400 1955 ipsas

295 1977 421 2040 litteras
443 1977 643 2058 pertineant,
665 1976 787 2039 dixero.

677 2210 931 2285 comminuo,
958 2211 1019 2288 3-8

294 2357 426 2439 Antony
448 2355 479 2419 is
506 2355 540 2419 in
567 2376 660 2419 arms
685 2355 820 2439 against
846 2355 898 2418 tlte
923 2365 1016 2418 state.
1067 2355 1147 2437 ley
1173 2355 1247 2420 then
1271 2356 1311 2420 do
1331 2376 1398 2439 you

495 2461 633 2523 hesitare
656 2472 687 2524 to
709 2461 776 2523 call
795 2460 864 2522 lim
887 2482 908 2522 a
924 2459 1037 2542 public
1060 2460 1196 2541 enemy?

337 2627 366 2685 3.
401 2607 527 2670 Imbuti
550 2606 653 2688 gladii
676 2616 762 2682 sunt,
781 2616 894 2688 patres
919 2605 1106 2686 conscripti,
1127 2606 1294 2686 legionum
1311 2627 1399 2670 exer·

294 2714 487 2794 cituumque
510 2721 699 2775 nostrorum
716 2709 768 2774 vel
785 2709 965 2773 madefacti
982 2710 1091 2791 potius
1113 2709 1242 2774 duobus
1259 2712 1399 2773 duorum
1411 2741 1435 2790 15

295 2816 478 2892 consulum,
510 2817 607 2879 tertio
639 2815 792 2879 Caesaris
825 2815 958 2895 proelio.
1022 2814 1058 2878 Si
1082 2814 1226 2876 hostium
1250 2815 1314 2878 fuit
1345 2815 1398 2879 ille

294 2921 441 3002 sanguis,
459 2939 590 2983 summa
606 2918 745 2981 militum
763 2918 889 2998 pietas;
908 2918 1073 2980 nefarium
1087 2918 1204 2993 scelus,
1223 2919 1250 2980 si
1267 2918 1397 2981 civium.

296 3024 371 3108 Quo
397 3044 502 3107 usque
525 3023 626 3106 igitur
648 3022 684 3099 is,
710 3021 766 3104 qui
789 3042 905 3084 omnes
930 3023 1042 3085 hostes
1070 3023 1194 3085 scelere
1219 3023 1397 3103 superavit,

295 3129 427 3192 nomine
461 3127 565 3191 hostis
596 3127 744 3191 carebit?
778 3128 840 3190 nisi
873 3148 1048 3191 mucrones
1081 3129 1179 3192 etiam
1213 3137 1399 3190 nostrorum

295 3234 434 3297 militum
466 3243 608 3296 tremere
639 3233 737 3295 vultis
768 3233 967 3309 dubitantes,
1001 3243 1110 3296 utrum
1138 3234 1172 3294 in
1205 3232 1276 3295 cive
1300 3252 1342 3293 an
1367 3230 1438 3293 in20

295 3337 389 3401 hoste
414 3338 569 3419 figantur.
626 3337 911 3419 Supplicationem
941 3337 1137 3411 decernitis;
1171 3337 1301 3399 hostem
1333 3356 1400 3398 non

295 3441 480 3524 appellatis.
537 3442 660 3506 Gratae
684 3462 763 3504 vero
789 3452 922 3505 nostrae
950 3441 1000 3504 dis
1026 3441 1266 3503 immortalibus
1292 3449 1401 3521 gratu-

295 3544 567 3622 lationes‘erunt,
584 3556 699 3629 gratae
726 3546 889 3621 victimae,
908 3566 983 3608 cum
1009 3545 1185 3608 interfecta
1210 3543 1252 3606 sit
1280 3543 1401 3607 civium

296 3651 489 3715 multitudo!
539 3652 611 3714 ‘De
635 3650 815 3732 improbis,’
841 3650 959 3731 inquit,
987 3653 1037 3712 ‘et
1061 3648 1263 3711 audacibus’
1311 3648 1399 3709 Nam

296 3757 339 3818 sic
370 3777 430 3820 eos
458 3754 606 3837 appellat
637 3755 839 3818 clarissimus
871 3753 941 3828 vir;
977 3772 1063 3833 quae
1095 3761 1171 3814 sunt
1199 3751 1398 3814 urbanarum
1410 3779 1435 3827 25

296 3861 472 3924 maledicta
498 3859 612 3935 litium,
630 3879 699 3921 non
716 3859 845 3920 inustae
861 3855 940 3919 belli
956 3855 1150 3919 internecivi
1167 3864 1274 3918 notae.
1321 3855 1401 3917 Tes-

295 3971 455 4039 tamenta,
482 3963 591 4036 credo,
620 3961 788 4026 subiciunt
815 3970 874 4024 aut
902 3959 1027 4023 eiciunt
1052 3959 1179 4022 vicinos
1207 3968 1264 4021 aut
1291 3959 1401 4022 adule-
