3375 4775
335 614 394 692 198
685 618 862 670 onnrrons
886 619 930 670 or
953 620 1080 670 crenao

331 794 451 857 endam
478 792 719 874 colendamque
744 792 900 855 virtutem
929 792 1046 856 litteris
1074 792 1320 869 adiuvarentur,
1345 812 1436 855 num-

332 917 431 979 quam
455 917 490 960 se
514 896 556 958 ad
579 916 693 959 earum
717 895 862 958 studium
887 896 1114 958 contulissent.

376 999 475 1081 Quod
499 1001 527 1062 si
547 1020 615 1062 non
631 998 685 1062 hic
700 1007 812 1060 tantus
829 998 959 1061 fructus
975 999 1216 1075 ostenderetur,
1234 1008 1267 1062 et
1283 999 1312 1063 si
1328 1020 1369 1063 ex
1385 998 1435 1062 his

332 1103 449 1167 studiis
476 1102 652 1166 delectatio
675 1102 745 1165 sola
772 1111 951 1183 peteretur,
976 1112 1098 1177 tamen,
1130 1112 1166 1166 ut
1190 1102 1317 1183 opinor,
1349 1104 1435 1166 hanc

311 1206 434 1284 sanimi
457 1208 684 1270 remissionem
708 1206 982 1267 humanissimam
1006 1226 1045 1268 ac
1069 1206 1334 1270 liberalissimam
1357 1206 1437 1268 iudi-

333 1312 459 1374 caretis
508 1311 596 1373 Nam
620 1320 750 1373 ceterae
774 1320 883 1391 neque
905 1319 1092 1390 temporum
1117 1319 1195 1372 sunt
1218 1330 1329 1391 neque
1350 1320 1437 1372 aeta-

332 1424 402 1478 tum
415 1414 562 1476 omnium
578 1434 686 1495 neque
703 1414 869 1489 locorum;
893 1423 933 1476 at·
951 1413 1033 1475 haec
1050 1414 1160 1475 studia
1174 1412 1436 1475 adulescentiam

333 1518 433 1593 alunt,
451 1527 655 1579 senectutem
679 1516 858 1591 oblectant,
875 1517 1039 1579 secundas
1063 1536 1116 1579 res
1140 1526 1269 1589 ornant,
1288 1516 1437 1579 adversis

334 1620 523 1702 perfugium
540 1640 579 1683 ac
596 1620 753 1682 solacium
766 1620 938 1701 praebent,
956 1620 1124 1683 delectant
1139 1620 1238 1692 domi,
1252 1640 1321 1682 non
1337 1621 1438 1701 impe-

298 1755 325 1787 ιο
334 1725 429 1786 diunt
441 1724 531 1800 ioris,
542 1732 740 1805 pernoctant
752 1722 935 1798 nobiscum,
948 1724 1212 1805 peregrinantur,
1223 1726 1434 1786 rusticantur.

383 1984 449 2047 Tlre
455 1984 692 2067 poetz‘calgrfts
707 1985 749 2066 of
765 1984 909 2046 Archias
924 1984 1089 2067 challenge
1103 2005 1167 2046 oar
1177 1984 1392 2048 admiration.

378 2149 407 2212 8.
440 2146 539 2229 Quod
556 2149 583 2209 si
598 2146 662 2227 ipsi
679 2146 761 2209 haec
778 2166 887 2227 neque
904 2146 1069 2226 attingere
1085 2166 1194 2227 neque
1208 2167 1309 2209 sensu
1322 2156 1436 2209 nostro

335 2262 470 2333 gustare
492 2270 676 2331 possemus
693 2259 805 2312 tamen
821 2270 862 2312 ea
878 2251 989 2311 mirari
1008 2249 1215 2325 deberemus
1234 2252 1336 2312 etiam
1360 2270 1436 2312 cum

334 2356 370 2418 in
393 2354 464 2417 aliis
487 2354 683 2417 videremus.
731 2353 816 2436 Quis
847 2364 997 2416 nostrum
1021 2362 1090 2416 tam
1114 2354 1225 2417 animo
1249 2354 1374 2434 agresti
1398 2373 1436 2416 ac

336 2459 418 2521 duro
443 2458 508 2520 fuit
533 2467 570 2520 ut
587 2457 688 2519 Rosci
704 2468 809 2520 morte
827 2478 934 2538 nuper
950 2478 1017 2521 non
1034 2457 1323 2520 commoveretur?
1370 2456 1437 2538 Qui

299 2583 324 2632 ις
335 2581 411 2624 cum
420 2571 508 2624 esset
525 2581 625 2622 senex
645 2571 804 2635 mortuus
822 2570 933 2622 tamen
946 2571 1083 2641 propter
1100 2562 1318 2624 excellentem
1331 2571 1436 2623 artem

335 2685 374 2727 ac
386 2673 594 2726 venustatem
608 2663 781 2725 videbatur
797 2665 932 2726 omnino
949 2666 1032 2726 mori
1049 2685 1115 2727 non
1132 2665 1296 2727 debuisse.
1346 2664 1437 2745 Ergo

258 2763 261 2770 ’
335 2768 391 2830 ille
414 2767 561 2848 corporis
577 2777 668 2828 motu
691 2776 821 2829 tantum
845 2787 991 2831 amorem
1016 2768 1078 2831 sibi
1097 2768 1288 2831 conciliarat
1305 2788 1325 2829 a
1341 2767 1437 2829 nobis

336 2871 507 2947 omnibus;
532 2891 592 2933 nos
608 2871 793 2932 animorum
810 2871 1018 2935 incredibiles
1040 2882 1149 2934 motus
1167 2871 1437 2952 celeritatemque

336 2975 544 3057 ingeniorum
574 2973 815 3055 neglegemus?
865 2975 1029 3057 Quotiens
1059 2995 1123 3056 ego
1154 2976 1244 3038 hunc
1275 2975 1437 3037 Archiam

299 3103 329 3135 20
337 3079 413 3155 vidi,
429 3080 704 3153 iudices—utar
727 3078 815 3140 enim
838 3090 949 3141 vestra
971 3078 1189 3159 benignitate,
1203 3078 1360 3161 quoniam
1384 3097 1437 3140 me

337 3185 371 3245 in
395 3184 458 3246 hoc
488 3202 575 3245 novo
602 3202 724 3263 genere
751 3181 883 3244 dicendi
907 3193 976 3245 tam
1000 3182 1177 3263 diligenter
1200 3179 1434 3254 attenditis,—

339 3289 490 3369 quotiens
514 3307 577 3366 ego
600 3286 688 3348 hunc
712 3285 788 3361 vidi,
817 3306 893 3348 cum
921 3284 1064 3346 litteram
1088 3285 1276 3365 scripsisset
1301 3284 1437 3359 nullam,

339 3411 497 3472 magnum
514 3410 687 3452 numerum
707 3390 907 3469 optimorum
924 3407 1081 3450 versuum
1105 3388 1147 3450 de
1169 3387 1209 3450 iis
1233 3385 1315 3468 ipsis
1337 3387 1438 3449 rebus

339 3514 425 3576 quae
440 3504 510 3556 tum
527 3502 705 3573 agerentur
721 3492 829 3554 dicere
846 3511 886 3554 ex
901 3501 1059 3572 tempore,
1071 3491 1230 3572 quotiens
1245 3499 1438 3553 revocatum

300 3625 327 3672 25
339 3597 479 3661 eandem
509 3615 579 3658 rem
605 3595 715 3658 dicere
742 3595 953 3658 commutatis
979 3594 1089 3656 verbis
1119 3603 1220 3674 atque
1243 3592 1437 3656 sententiis!

339 3702 435 3785 Quae
450 3721 529 3762 vero
549 3708 702 3761 accurate
721 3700 932 3779 cogitateque
952 3699 1147 3779 scripsisset,
1165 3716 1205 3759 ea
1222 3696 1269 3760 sic
1286 3696 1354 3759 vidi
1367 3717 1439 3778 pro

338 3806 410 3868 bari
426 3813 462 3867 ut
483 3804 525 3866 ad
542 3813 692 3866 veterum
711 3802 910 3882 scriptorum
935 3802 1065 3863 laudem
1090 3801 1288 3881 perveniret.
1337 3799 1439 3862 Hunc

339 3930 403 3991 ego
416 3929 482 3971 non
499 3907 644 3987 diligam,
661 3926 729 3969 non
747 3905 899 3981 admirer,
917 3924 984 3968 non
1001 3904 1091 3967 omni
1109 3902 1235 3965 ratione
1258 3903 1435 3966 defenden-

341 4013 420 4075 dum
436 4009 574 4094 putem?
