3375 4775
364 585 407 663 96
719 592 895 642 onnrrous
917 594 962 641 or
984 592 1111 642 cronno

364 767 491 831 civibus
521 766 639 829 inierie
670 776 861 848 suspectum
892 776 961 828 tam
991 766 1138 847 graviter
1167 777 1267 848 atque
1297 767 1466 830 offensum

363 872 519 945 viderem,
537 877 649 934 carere
670 877 723 931 me
743 877 881 949 aspecte
904 870 1024 933 civium
1044 890 1144 951 quam
1165 871 1297 933 infestis
1318 868 1466 933 omnium

364 976 468 1038 oculis
487 973 634 1054 censpici
655 974 806 1048 mellem3
831 980 961 1035 tecum
985 973 1187 1035 censcientie
1212 976 1376 1036 scelerum
1399 982 1466 1037 tue

364 1098 437 1141 rum
449 1084 612 1158 egnesces
625 1076 734 1139 odium
747 1077 894 1138 omnium
907 1078 1030 1140 iestum
1042 1087 1075 1140 et
1088 1076 1152 1139 iam
1166 1078 1221 1139 die
1235 1078 1295 1140 tibi
1308 1079 1464 1153 debitum,

343 1181 505 1257 5dubiteS,
523 1188 662 1262 querum
685 1188 813 1242 mentes
837 1188 1022 1262 sensesque
1038 1182 1203 1256 vulneres
1221 1190 1336 1244 cerum
1355 1203 1466 1264 aspec-

364 1294 433 1347 tum
448 1285 736 1366 praesentiamque
748 1283 875 1345 vetere?
921 1284 958 1348 Si
974 1292 1006 1345 te
1022 1292 1179 1366 parentes
1195 1286 1351 1348 timerent
1366 1296 1465 1368 atque

364 1388 512 1450 edissent
525 1397 572 1449 tui
588 1408 695 1468 neque
706 1395 763 1450 ees
776 1388 842 1449 ulle
855 1388 980 1450 ratiene
998 1387 1130 1469 placere
1146 1396 1272 1469 posses,
1286 1398 1323 1451 ut
1338 1399 1463 1471 opinor,

364 1491 406 1554 ab
425 1500 539 1554 eerum
559 1492 661 1554 oculis
682 1491 793 1571 alique
816 1492 1025 1553 concederes.
1067 1492 1166 1554 Nunc
1190 1500 1223 1555 te
1247 1494 1364 1573 patria,
1382 1513 1465 1574 quae

365 1597 549 1659 commenis
573 1605 624 1658 est
645 1602 765 1677 parens
789 1594 937 1666 omnium
961 1605 1121 1670 nostrum,
1139 1596 1208 1659 edit
1231 1616 1270 1659 ac
1293 1598 1412 1659 metuit
1434 1605 1466 1658 et

330 1701 428 1763 roiam
443 1700 498 1761 diu
511 1699 594 1761 nihil
606 1707 639 1761 te
651 1699 775 1763 iudicat
788 1699 851 1760 nisi
863 1699 904 1761 de
916 1684 1091 1780 pa⁰rricidie
1108 1708 1167 1761 sue
1184 1700 1348 1781 cegitere3
1369 1699 1465 1762 huius

365 1812 530 1885 teneque
553 1805 782 1866 aucteritetem
801 1802 959 1865 verebere
982 1824 1044 1867 nec
1067 1803 1224 1866 iedicium
1244 1811 1384 1886 sequere
1405 1824 1465 1866 nec

365 1908 432 1971 vim
449 1909 686 1990 pertimesces?

410 2011 506 2093 Quae
530 2020 649 2087 tecum,
675 2014 825 2088 Catilina,
851 2022 897 2076 sic
926 2012 995 2093 agit
1017 2023 1050 2076 et
1074 2013 1216 2094 quedam
1241 2014 1341 2076 mode
1367 2012 1466 2076 tacita

366 2116 528 2198 loquitur:
554 2117 713 2178 ‘Nellum
737 2116 802 2177 iam
827 2117 952 2198 aliquot
975 2126 1070 2179 annis
1097 2116 1228 2179 facinus
1255 2118 1380 2180 exstitit
1406 2115 1467 2178 nisi

331 2251 355 2298 ¹5
368 2241 426 2302 per
441 2227 483 2295 te,
501 2222 629 2282 nellum
646 2219 806 2301 flagitium
824 2221 895 2283 sine
912 2228 962 2295 te;
988 2220 1046 2282 tibi
1066 2228 1123 2282 eni
1145 2221 1324 2282 multerum
1348 2220 1466 2283 civium

366 2332 475 2400 neceS,
501 2324 557 2386 tibi
581 2323 711 2388 vexetie
734 2324 942 2406 direptieque
966 2325 1129 2385 socierum
1153 2323 1318 2406 impenita
1342 2325 1406 2386 fuit
1430 2343 1467 2386 ac

367 2429 486 2504 libera3
512 2437 546 2491 te
564 2438 631 2491 nen
647 2429 751 2491 selam
772 2429 814 2490 ad
830 2428 1059 2509 neglegendas
1079 2428 1170 2509 leges
1190 2438 1224 2491 et
1246 2430 1466 2510 quaestieneS,

366 2540 480 2594 verum
498 2533 598 2595 etiarn
615 2533 656 2595 ad
673 2533 869 2596 evertendas
886 2532 1208 2613 perfringendasque
1224 2532 1364 2594 valuisti.
1413 2532 1468 2609 Su-

368 2636 498 2718 periera
524 2638 589 2712 illa,
618 2658 819 2719 quamquam
848 2637 988 2699 ferenda
1014 2643 1080 2697 nen
1109 2636 1252 2710 luerunt,
1285 2644 1408 2712 tamen,
1434 2645 1469 2698 ut

330 2771 358 2802 20
369 2750 469 2821 potui,
483 2741 561 2817 tuli;
586 2761 674 2803 nuuc
691 2748 769 2803 vere
782 2748 834 2802 me
850 2749 954 2803 tetam
971 2759 1045 2804 esse
1061 2739 1094 2800 in
1112 2747 1200 2802 mete
1214 2748 1351 2820 propter
1367 2747 1467 2801 enum

367 2851 409 2920 te,
438 2844 594 2926 quicquid
620 2846 831 2924 increpuerit,
862 2844 1036 2908 Catilinam
1065 2842 1181 2917 timeri,
1210 2843 1339 2905 nullum
1368 2844 1470 2905 videri

368 2955 483 3011 contre
499 2956 552 3010 me
567 2949 741 3010 censilium
757 2949 831 3009 iniri
853 2967 961 3028 posse,
979 2946 1068 3028 quod
1086 2954 1106 3008 e
1125 2955 1183 3008 tue
1206 2948 1332 3009 scelere
1355 2946 1470 3009 abhor-

368 3061 447 3127 reat,
466 3060 529 3114 nen
544 3062 595 3115 est
610 3051 795 3115 ferendum.
844 3051 953 3132 Quam
971 3050 1013 3113 ob
1029 3070 1098 3112 rem
1116 3050 1249 3113 discede
1266 3060 1367 3131 atque
1384 3052 1469 3112 hunc

367 3156 448 3219 mihi
467 3155 618 3218 timerem
639 3155 748 3235 eripe;
773 3164 801 3216 si
824 3165 875 3217 est
894 3162 999 3228 verus,
1017 3161 1060 3215 ne
1083 3153 1262 3234 opprimar,
1280 3162 1331 3216 sin
1354 3154 1468 3227 falsus,

330 3288 356 3332 ις
368 3268 404 3323 ut
419 3259 554 3321 tandem
571 3258 749 3340 aliquande
764 3257 880 3321 timere
897 3254 1066 3320 desinam'

368 3509 513 3592 Lepidus
531 3511 603 3572 and
617 3510 722 3571 others
742 3508 877 3590 refused
897 3518 927 3570 te
948 3508 1070 3570 become
1088 3517 1199 3588 surely
1212 3507 1277 3588 fer
1289 3529 1367 3590 you.
1412 3507 1472 3571 All

407 3614 577 3696 guodenen
591 3613 674 3674 we'slz
683 3634 751 3695 you
765 3622 796 3674 to
811 3611 903 3674 leave
915 3611 968 3673 tlte
977 3611 1049 3693 city,
1062 3613 1135 3674 and
1145 3632 1202 3673 are
1217 3612 1316 3692 ready
1327 3621 1359 3673 te
1374 3619 1471 3674 escort

405 3739 472 3799 you
489 3727 520 3779 te
537 3717 589 3778 tlte
599 3727 688 3798 gete.

412 3881 441 3944 8.
475 3880 570 3942 Haec
599 3889 627 3942 si
653 3887 772 3954 tecum,
801 3879 848 3941 ita
873 3886 911 3941 ut
937 3879 1013 3953 dixi,
1037 3877 1145 3958 patria
1168 3877 1331 3959 loquetur,
1359 3885 1469 3939 nenne

369 3980 547 4063 impetrire
563 3981 691 4058 debeat,
705 3982 805 4047 etiam
818 3992 846 4044 si
857 3981 923 4044 vim
940 3981 1098 4044 adhibere
1114 3988 1181 4042 nen
1197 3978 1325 4061 possit?
1371 3979 1468 4063 Quid,
