3375 4775
505 614 641 669 sacoma
664 612 820 669 omnon
843 611 996 667 nomnsr
1017 611 1184 666 emimus
1249 573 1252 578 ⁴
1335 613 1395 687 ¹07

293 867 362 931 His
383 890 479 951 army
505 868 631 932 outsidc
661 868 691 930 is
722 890 762 932 no
784 867 893 931 match
915 868 980 950 for
998 888 1082 943 ours,
1114 865 1171 930 but
1204 866 1291 930 those
1322 866 1394 930 who

581 972 708 1035 romain
730 992 788 1034 are
810 971 864 1033 tlte
886 971 959 1033 real
977 972 1110 1053 danger.

236 1194 245 1209 x
338 1146 367 1204 3.
402 1126 520 1210 Itaque
573 1147 637 1208 ego
683 1126 775 1189 illum
836 1127 1015 1189 exercitum
1082 1145 1161 1206 prae
1214 1124 1392 1189 Gallicanis

294 1231 480 1312 legionibus
521 1239 556 1293 et
593 1231 655 1292 hec
694 1229 816 1292 dilectit
857 1249 955 1311 quem
995 1228 1030 1290 in
1069 1236 1151 1309 agre
1199 1229 1319 1291 Picenti
1361 1238 1394 1293 et

294 1334 423 1398 Gallice
454 1334 495 1416 Q.
529 1332 686 1396 Metellus
713 1333 837 1407 habuit,
862 1342 896 1395 et
926 1334 977 1395 his
1000 1332 1103 1413 copiis
1133 1351 1219 1414 quae
1249 1338 1268 1393 a
1299 1332 1393 1395 nobis

294 1437 414 1501 cotidie
443 1446 687 1518 comparantur,
711 1443 834 1517 magne
867 1455 969 1517 opere
999 1443 1176 1498 contemne
1207 1436 1391 1498 conlectum

293 1561 333 1603 ex
365 1541 500 1604 senibus
530 1541 723 1621 desperetis,
747 1560 789 1603 ex
814 1549 940 1621 agresti
964 1540 1099 1614 lexuriai,
1124 1558 1164 1601 ex
1187 1539 1317 1601 nisticis
1341 1539 1393 1601 de·
1416 1570 1427 1618 ⁵

293 1644 490 1719 coeteribus,
521 1664 562 1707 ex
592 1644 631 1706 iis
676 1652 733 1726 qui
761 1643 951 1705 vadimonia
988 1643 1140 1705 deserere
1171 1662 1270 1724 quam
1300 1643 1391 1704 illum

292 1748 475 1811 exercitum
505 1747 710 1824 meluerunt3
742 1746 863 1829 quibus
894 1767 957 1828 ego
991 1754 1058 1808 nen
1090 1745 1188 1808 modo
1229 1755 1258 1807 si
1288 1745 1391 1807 aciem

292 1852 456 1914 exercitiis
502 1860 614 1925 nostri,
654 1857 769 1912 verum
814 1850 913 1913 etiam
964 1858 992 1912 si
1040 1849 1183 1912 edictum
1233 1850 1393 1930 praetoris

292 1954 479 2030 ostendere,
504 1953 687 2016 concident.
736 1953 819 2027 Hes,
837 1961 922 2035 quos
951 1953 1048 2016 video
1064 1952 1214 2015 ,volitere
1244 1951 1277 2013 in
1307 1952 1391 2027 foro,

293 2065 376 2140 ques
400 2064 488 2120 stare
511 2057 554 2119 ad
577 2058 711 2132 citriam,
729 2064 812 2139 ques
836 2057 936 2120 etiam
959 2058 993 2118 in
1017 2064 1168 2119 senetum
1191 2066 1314 2132 venire,
1337 2064 1393 2138 qui
1405 2088 1430 2119 lo

292 2162 401 2224 nitent
418 2170 605 2241 unguentis,
623 2169 679 2242 qui
701 2160 834 2241 fulgent
856 2167 1012 2241 purpura,
1030 2161 1161 2222 mellem
1187 2167 1299 2222 secum
1316 2168 1393 2222 sues

293 2267 413 2327 milites
439 2264 622 2341 ediixisset;
647 2274 704 2346 qui
728 2272 757 2327 si
788 2265 841 2326 hic
867 2275 1074 2346 permanent,
1099 2273 1299 2327 mementote
1326 2272 1391 2326 nen

292 2380 359 2431 tam
377 2369 556 2432 exercitum
581 2368 673 2431 illum
700 2389 774 2432 esse
802 2368 897 2432 nobis
921 2389 1019 2451 quam
1044 2368 1115 2444 hes
1132 2377 1190 2450 qui
1213 2370 1391 2432 exercitum

292 2474 518 2550 deseruerunt,
560 2474 852 2556 pertimescendes.
908 2475 1023 2555 Atque
1067 2475 1129 2536 hec
1171 2474 1270 2536 etiam
1317 2483 1393 2536 sunt

293 2578 433 2640 timendi
462 2579 578 2659 magis,
609 2579 708 2659 quod,
740 2578 820 2660 quid
862 2578 1018 2658 cogitent,
1051 2586 1103 2640 me
1133 2588 1216 2641 scire
1247 2579 1393 2641 sentiunt
1404 2606 1428 2654 15

292 2701 401 2763 neque
417 2690 530 2744 tamen
543 2691 788 2763 permoventur.
834 2683 942 2745 Video
958 2684 1010 2745 cui
1026 2682 1069 2745 sit
1084 2667 1210 2763 Kprilia
1225 2683 1392 2757 attributa,

293 2787 367 2867 quis
383 2785 506 2849 habeat
523 2786 700 2861 Etruriam,
718 2786 791 2869 quis
807 2807 925 2868 agrum
944 2788 1109 2862 Picenum,
1128 2787 1201 2868 quis
1218 2786 1391 2859 Gallicum,

293 2891 366 2971 quis
390 2889 453 2952 sibi
476 2889 536 2953 hes
561 2890 703 2953 urbenais
731 2889 868 2953 insidias
894 2890 1004 2954 caedis
1031 2900 1131 2973 atque
1166 2890 1392 2952 incendiorum

294 2991 535 3075 depoposcerit.
597 2992 721 3058 Omnia
752 2995 932 3075 superioris
963 2995 1070 3056 noctis
1100 2993 1238 3055 consilia
1268 2992 1309 3054 ad
1341 3000 1393 3054 me

294 3097 421 3178 perleta
451 3116 525 3159 esse
555 3097 722 3173 sentiunt3
754 3098 900 3178 patefeci
929 3097 963 3157 in
995 3103 1111 3160 senate
1143 3095 1300 3158 hesterno
1330 3095 1392 3157 die.
1402 3122 1432 3155 20

295 3200 437 3264 Catilina
453 3198 524 3280 ipse
540 3199 718 3281 pertimuit,
736 3200 886 3281 proiegit
896 3221 903 3276 ;
928 3201 963 3261 hi
978 3199 1057 3282 quid
1074 3199 1293 3280 exspectant?
1341 3199 1394 3260 Ne

294 3303 340 3365 illi
351 3303 567 3367 vehementer
590 3313 711 3378 errant,
730 3313 757 3366 si
780 3303 871 3366 illam
897 3323 1005 3366 meam
1033 3303 1205 3384 pristinam
1223 3302 1393 3364 lenitetem

295 3415 491 3487 perpetuam
509 3413 645 3488 sperant
659 3407 818 3469 luteram.

294 3651 356 3714 Lct
378 3650 465 3714 them
478 3650 599 3732 follow
621 3651 709 3741 their
730 3651 847 3726 leader,
862 3651 927 3732 for
954 3651 1008 3713 all
1036 3650 1089 3712 tlte
1121 3663 1220 3713 worst
1241 3650 1394 3714 elements

499 3754 535 3818 in
556 3755 609 3818 the
629 3757 694 3836 city
714 3777 771 3818 are
792 3775 917 3836 among
936 3754 990 3815 lrz's
1013 3756 1193 3818 adherente

336 3927 366 3987 4.
400 3907 501 3991 Quod
517 3917 714 3990 exspectavi,
733 3911 797 3971 iarn
823 3928 897 3971 sum
922 3908 1110 3982 adsecutus,
1127 3918 1164 3970 ut
1189 3914 1249 3968 ves
1279 3912 1395 3968 omnes

295 4011 419 4076 iactam
450 4032 526 4077 esse
548 4020 664 4095 aperte
687 4011 949 4076 conieretienem
981 4016 1096 4072 contra
1126 4028 1196 4072 rem
1226 4007 1431 4090 pirblicam25
