3375 4775
299 603 302 610 .
346 548 406 625 176
693 557 871 608 onnnons
892 558 938 607 on
959 556 1088 607 CICERO

341 752 381 794 ex
405 738 534 794 summa
560 731 673 813 inopia
699 740 733 795 et
759 731 896 795 caritate
923 740 972 794 rei
997 729 1236 794 frumentariae
1264 735 1443 792 censecuta

341 846 392 899 est
409 844 506 898 tinius
523 836 666 898 hominis
682 843 743 917 spe
765 856 803 899 ac
827 835 971 911 nemine,
989 846 1148 917 quantam
1171 836 1226 897 vix
1250 855 1290 898 ex
1314 840 1443 896 summa

342 941 491 1003 ubertate
519 948 673 1021 agrerum
703 941 861 1003 diaturna
892 947 957 1022 pax
984 939 1116 1003 efficere
1147 939 1321 1020 potuisset.
1372 939 1441 1000 Iam

340 1052 477 1125 accepta
505 1045 537 1105 in
570 1044 677 1106 Ponte
706 1045 895 1107 calamitate
922 1063 963 1106 ex
989 1052 1029 1107 ee
1055 1043 1191 1125 proelia,
1220 1043 1262 1104 de
1289 1050 1358 1124 que
1383 1049 1443 1104 vas

319 1150 441 1230 spaule
462 1157 540 1210 ante
562 1149 685 1211 invitus
706 1149 872 1224 admonui,
895 1168 970 1210 cum
992 1147 1073 1210 socii
1094 1147 1353 1229 pertimuissent,
1372 1146 1444 1208 hos-

340 1253 422 1314 tium
449 1260 529 1332 opes
557 1252 724 1334 animique
752 1253 942 1327 crevissent,
968 1252 1048 1314 satis
1074 1251 1210 1313 firmum
1238 1249 1443 1332 praesidium

341 1356 511 1438 pravincia
532 1364 599 1418 nen
621 1356 768 1431 haberet,
786 1356 981 1419 amisissetis
997 1356 1125 1430 Asiam,
1144 1354 1302 1437 Quirites
1320 1353 1386 1417 nisi
1401 1354 1444 1416 ad

340 1460 449 1541 ipsum
466 1461 643 1538 discrimen
660 1462 731 1523 eius
747 1460 907 1542 temporis
923 1460 1082 1522 divinitus
1103 1460 1163 1523 Cn.
1183 1458 1379 1539 Pompeium
1402 1458 1444 1520 ad

340 1572 397 1627 eas
428 1565 580 1645 regienes
609 1565 747 1627 fortuna
779 1564 893 1645 populi
929 1565 1073 1626 Remani
1103 1562 1277 1626 attulisset.
1331 1562 1444 1625 Huius

304 1698 330 1728 ιο
340 1669 503 1730 adventus
538 1678 571 1731 et
607 1668 835 1731 Mithridatem
869 1668 1002 1731 insolita
1031 1667 1273 1730 inflammatum
1304 1666 1444 1729 victaria

340 1772 501 1834 continuit
528 1781 561 1834 et
591 1772 773 1853 Tigranem
804 1780 935 1853 magnis
966 1771 1070 1854 cepiis
1101 1772 1309 1833 minitantem
1339 1770 1444 1833 Asiae

340 1876 528 1938 retardavit.
577 1877 620 1939 Et
642 1877 817 1958 quisquam
840 1876 1005 1939 dubitabit
1029 1876 1108 1958 quid
1130 1877 1254 1938 virtirte
1277 1875 1445 1957 perfectri-

340 2001 396 2042 rus
413 1981 464 2055 sit,
481 1990 538 2062 qui
558 1991 686 2042 tantum
711 1980 907 2042 aucteritate
932 1980 1120 2062 perfecerit,
1138 1989 1195 2042 aut
1218 1998 1320 2060 quam
1344 1979 1445 2041 facile

339 2085 479 2164 imperia
503 2093 602 2165 atque
626 2085 770 2147 exercita
795 2084 903 2146 socies
926 2093 960 2147 et
983 2083 1160 2165 vectigalia
1186 2090 1445 2145 censervattirus

305 2214 329 2261 ις
340 2190 391 2262 sit,
409 2198 465 2269 qui
480 2188 553 2269 ipse
570 2189 702 2250 nemine
719 2208 756 2250 ac
773 2195 905 2250 ramere
921 2188 1132 2251 defenderit?

386 2294 432 2355 16.
465 2291 542 2372 Age
558 2299 637 2353 vera
652 2292 708 2353 illa
724 2299 776 2353 res
795 2302 955 2373 quantam
972 2292 1119 2355 declarat
1135 2291 1283 2355 eiusdem
1301 2291 1446 2355 hominis

341 2397 430 2477 apud
446 2397 557 2459 hostes
575 2397 690 2477 populi
707 2399 850 2458 Remani
862 2398 1102 2472 aucteritatem,
1116 2397 1205 2479 quod
1221 2417 1262 2460 ex
1278 2398 1359 2460 locis
1377 2407 1445 2459 tam

341 2501 530 2582 longinquis
546 2509 680 2582 tamque
696 2501 834 2562 diversis
850 2510 919 2563 tam
940 2502 1032 2565 brevi
1052 2510 1202 2582 tempore
1226 2508 1342 2564 omnes
1367 2502 1445 2564 huic

341 2612 376 2666 se
393 2612 450 2665 tini
465 2604 680 2667 dediderunt!
706 2605 794 2686 quod
816 2606 1026 2669 Cretensium
1044 2607 1153 2686 legati,
1171 2626 1247 2669 cum
1271 2605 1305 2668 in
1329 2613 1444 2668 earum

303 2707 447 2770 20insula
464 2716 576 2770 noster
593 2708 771 2790 imperator
790 2711 1022 2791 exercitusque
1044 2719 1142 2785 esset,
1160 2709 1202 2772 ad
1226 2710 1286 2773 Cn.
1307 2711 1446 2791 Pompe-

340 2810 408 2874 ium
424 2812 458 2874 in
475 2812 606 2874 ultimas
623 2833 727 2893 prope
746 2821 851 2875 terras
867 2820 1031 2875 venerunt
1052 2823 1148 2895 eique
1170 2820 1207 2875 se
1227 2821 1344 2876 omnes
1368 2813 1446 2877 Cre-

340 3020 401 3083 iste
420 3019 632 3083 Mithridates
648 3028 757 3082 nenne
775 3006 975 3083 ad‘eundem
999 3022 1059 3085 Cn.
1079 3022 1273 3102 Pompeium
1295 3020 1446 3102 legatum

341 3125 494 3205 usquein
513 3124 711 3204 Hispaniam
730 3125 840 3186 misit?
887 3125 974 3186 Eum
991 3145 1089 3206 quem
1107 3125 1283 3206 Pompeius
1297 3124 1447 3205 legatum

304 3250 330 3297 25
340 3247 472 3308 semper
495 3227 660 3302 iudicavit,
677 3227 699 3288 ii
721 3227 841 3309 quibus
865 3238 936 3291 erat
954 3229 1130 3291 molestum
1151 3227 1193 3290 ad
1215 3247 1292 3290 eum
1317 3227 1448 3310 potissi·

342 3351 431 3393 mum
459 3351 533 3394 esse
558 3333 705 3407 missum,
733 3333 975 3413 speculatorem
1006 3352 1104 3413 quam
1133 3332 1279 3414 legatum
1307 3331 1447 3395 iiidicari

342 3435 536 3497 maluerunt.
585 3436 725 3498 Potestis
746 3435 847 3516 igitur
869 3435 935 3497 iam
954 3437 1164 3512 canstituere,
1183 3434 1340 3517 Quirites,
1358 3436 1447 3499 hanc

341 3540 571 3600 auctoritatem
591 3539 702 3601 multis
725 3546 840 3618 postea
865 3539 963 3601 rebus
986 3549 1090 3620 gestis
1114 3545 1310 3621 magnisque
1326 3549 1447 3604 vestris

341 3641 469 3705 iudiciis
493 3643 728 3723 amplificatam
752 3653 913 3724 quantum
941 3644 1030 3725 apud
1055 3643 1128 3706 illas
1151 3650 1256 3724 reges,
1282 3653 1457 3726 quantum,

305 3768 334 3815 30
343 3747 432 3828 apud
449 3755 578 3810 exteras
594 3748 745 3810 natienes
760 3748 937 3809 valituram
953 3767 1026 3810 esse
1042 3747 1245 3810 existimetis.
