3375 4775
581 590 657 640 THE
679 589 918 640 FOURTEENTH
943 589 1119 639 PHILIPPIC
1337 594 1400 661 237

728 842 926 918 Exoanruu,
956 860 967 904 1

293 1020 329 1080 rt
351 1015 414 1079 has
438 1017 513 1079 been
529 1014 691 1098 proposed
711 1014 784 1076 that
810 1034 860 1075 roe
874 1012 995 1076 slrould
1014 1023 1124 1077 return
1146 1024 1174 1078 to
1192 1015 1245 1078 tlte
1254 1017 1340 1099 gerb
1355 1018 1396 1100 os

326 1131 451 1203 peace,
474 1119 531 1182 but
545 1118 635 1181 until
646 1118 772 1180 Brutos
790 1116 818 1179 is
835 1117 987 1193 relieved,
1005 1118 1058 1180 tlte
1074 1139 1148 1181 roar
1163 1120 1191 1181 is
1207 1129 1262 1183 not
1276 1142 1358 1184 over.

341 1311 368 1355 1.
402 1292 447 1367 Si,
463 1300 499 1354 ut
510 1311 551 1355 ex
566 1290 682 1354 litteris
700 1309 785 1371 quae
801 1289 959 1353 recitatae
976 1299 1063 1366 sunt,
1079 1298 1189 1371 patres
1209 1292 1396 1374 conscripti,

295 1395 626 1460 sceleratissimorum
657 1394 803 1457 hostium
838 1394 1018 1456 exercitum
1051 1414 1184 1457 caesum
1219 1396 1398 1479 fusumque

294 1499 447 1582 cognovi,
474 1498 520 1563 sic
541 1499 574 1562 id
602 1499 690 1580 quod
716 1507 749 1561 et
776 1518 894 1561 omnes
919 1498 1060 1561 maxime
1080 1509 1235 1579 optamus
1254 1510 1287 1563 et
1303 1521 1342 1564 ex
1358 1522 1398 1565 ea

293 1603 431 1668 victoria
455 1623 540 1686 quae
561 1612 655 1685 parta
671 1611 723 1665 est
738 1611 953 1665 consecutum
969 1601 1176 1679 arbitramur,
1196 1604 1238 1665 D.
1258 1605 1397 1668 Brutum

294 1727 467 1790 egressum
498 1708 563 1770 iam
594 1706 725 1768 Mutina
756 1725 830 1768 esse
863 1707 1105 1786 cognovissem,
1139 1716 1275 1788 propter
1305 1710 1397 1773 cuius
1422 1737 1433 1786 5

294 1811 480 1895 periculum
499 1812 540 1874 ad
560 1830 642 1891 saga
660 1810 812 1883 issemus,
832 1820 969 1891 propter
985 1810 1133 1874 eiusdem
1151 1811 1291 1874 salutem
1309 1814 1398 1877 rede-

294 1916 422 1979 undum
448 1916 490 1979 ad
517 1914 693 1997 pristinum
709 1915 866 1978 vestitum
888 1914 959 1977 sine
976 1914 1042 1976 ulla
1063 1914 1270 1979 dubitatione
1286 1937 1398 1982 cense-

293 2043 373 2087 rem.
421 2022 514 2085 Ante
530 2040 609 2084 vero
625 2039 724 2101 quam
741 2020 784 2081 sit
800 2039 839 2081 ea
859 2039 920 2094 res,
948 2039 1047 2101 quam
1067 2020 1255 2083 avidissime
1281 2022 1397 2085 civitas

293 2134 474 2209 exspectat,
500 2124 618 2198 adlata,
643 2122 768 2187 laetitia
791 2122 857 2185 frui
881 2124 961 2186 satis
986 2132 1037 2186 est
1064 2125 1226 2186 maximae
1254 2127 1397 2206 praecla-

293 2231 509 2312 rissimaeque
526 2247 680 2311 pugnae;
705 2228 846 2291 reditum
869 2228 911 2290 ad
934 2227 1089 2291 vestitum
1109 2230 1283 2293 confectae
1298 2230 1434 2293 victo-10

293 2336 360 2401 riae
386 2342 563 2399 reservate.
611 2330 787 2398 Confectio
812 2339 924 2396 autem
948 2332 1046 2396 huius
1071 2332 1149 2397 belli
1173 2341 1224 2397 est
1242 2333 1283 2397 D.
1304 2334 1397 2398 Bruti

294 2443 393 2506 salus.

337 2548 434 2630 Quae
465 2557 577 2611 autem
605 2556 656 2611 est
681 2546 744 2610 ista
770 2546 944 2621 sententia,
964 2556 1000 2610 ut
1026 2548 1060 2609 in
1086 2547 1282 2610 hodiernum
1308 2547 1395 2611 diem

293 2653 433 2716 vestitus
464 2661 619 2727 mutetur,
646 2651 767 2715 deinde
799 2671 872 2715 cras
904 2653 1012 2733 sagati
1042 2652 1265 2734 prodeamus?
1324 2652 1396 2715 Nos

292 2777 370 2824 vero
396 2776 472 2819 cum
496 2757 600 2820 semel
624 2755 667 2819 ad
686 2775 761 2820 eum
779 2776 879 2838 quem
896 2755 1048 2838 cupimus
1065 2766 1285 2839 optamusque
1301 2755 1432 2833 vesti-15

293 2869 362 2923 tum
388 2859 592 2936 redierimus,
609 2859 642 2923 id
668 2880 817 2941 agamus,
835 2870 872 2924 ut
897 2880 972 2922 eum
992 2860 1025 2921 in
1043 2869 1242 2942 perpetuum
1259 2861 1397 2924 retinea-

293 2984 376 3027 mus.
426 2965 513 3026 Nam
530 2964 593 3028 hoc
610 2965 743 3046 quidem
757 2984 830 3026 cum
849 2973 947 3045 turpe
964 2974 1014 3027 est
1030 2973 1100 3026 tum
1122 2984 1164 3027 ne
1189 2964 1240 3027 dis
1261 2964 1395 3046 quidem

293 3068 534 3133 immortalibus
560 3078 702 3150 gratum,
720 3069 761 3132 ab
788 3089 902 3132 eorum
929 3070 1003 3144 aris,
1022 3069 1064 3132 ad
1084 3090 1166 3152 quas
1186 3070 1291 3151 togati
1310 3069 1396 3132 adie-

292 3172 406 3248 rimus,
429 3173 472 3235 ad
494 3193 576 3254 saga
600 3173 761 3237 sumenda
785 3173 966 3237 discedere.
1014 3174 1129 3255 Atque
1157 3174 1394 3247 animadverto,

294 3286 405 3358 patres
422 3275 611 3358 conscripti,
627 3276 788 3358 quosdam
807 3278 885 3341 huic
901 3278 1016 3340 favere
1033 3277 1236 3354 sententiae;
1255 3297 1433 3359 quorum20

293 3400 332 3444 ea
357 3401 452 3445 mens
477 3380 578 3462 idque
603 3381 777 3444 consilium
804 3392 865 3457 est,
888 3391 924 3444 ut
949 3401 1024 3444 cum
1045 3381 1180 3445 videant
1203 3381 1397 3463 gloriosissi-

294 3504 383 3548 mum
407 3484 498 3551 illum
527 3485 568 3547 D.
585 3486 688 3548 Bruto
713 3486 862 3547 futurum
888 3485 986 3559 diem,
1007 3506 1072 3567 quo
1099 3486 1152 3549 die
1173 3496 1309 3568 propter
1325 3487 1396 3549 eius

294 3590 435 3652 salutem
461 3588 655 3652 redierimus
680 3589 722 3651 ad
745 3590 911 3664 vestitum,
930 3590 1018 3651 hunc
1041 3591 1070 3652 ei
1098 3590 1243 3653 fructum
1267 3591 1396 3672 eripere

294 3692 439 3775 cupiant,
454 3713 496 3757 ne
509 3692 686 3756 memoriae
702 3692 955 3774 posteritatique
972 3693 1131 3774 prodatur
1147 3703 1283 3775 propter
1299 3695 1396 3756 unius

295 3798 374 3860 civis
399 3796 583 3879 periculum
609 3797 771 3878 populum
800 3798 988 3859 Romanum
1009 3797 1050 3859 ad
1070 3817 1151 3878 saga
1167 3797 1242 3873 isse,
1262 3807 1397 3879 propter
1406 3823 1432 3873 ²5

295 3901 443 3964 eiusdem
469 3900 609 3964 salutem
635 3900 760 3963 redisse
786 3900 827 3962 ad
853 3910 958 3981 togas.
1005 3900 1127 3964 Tollite
1140 3902 1245 3977 hanc;
1270 3902 1393 3963 nullam

295 4013 359 4068 tam
371 4023 498 4089 pravae
515 4003 699 4068 sententiae
716 4024 850 4067 causam
864 4003 1044 4084 reperietis.
1091 4005 1161 4068 Vos
1177 4025 1265 4080 vero,
1283 4016 1396 4087 patres
