3375 4775
504 617 642 668 SECOND
665 618 823 668 ORATION
847 575 999 668 AGAINST
1021 619 1188 669 CATILINE
1340 626 1400 690 119

292 801 383 856 esset
414 793 581 875 praesidii,
613 794 802 857 cunsultum
833 804 934 877 atque
966 802 1133 875 prirvisum
1165 804 1224 857 est.
1281 794 1399 859 Colunt

293 1007 459 1062 nocturni
481 1001 675 1063 excursinne
699 1002 863 1065 Catilinae
890 1002 988 1064 facile
1015 1000 1113 1063 urbes
1141 1008 1218 1064 suris
1244 1003 1397 1083 finesque

294 1104 498 1182 defendent;
536 1104 746 1185 gladiatores,
779 1126 879 1188 quam
907 1105 970 1168 sibi
1004 1105 1058 1168 ille
1089 1125 1224 1167 manum
1259 1108 1398 1168 certissi-

294 1227 383 1268 mam
407 1208 481 1270 fore
504 1207 643 1290 putfivit,
668 1229 870 1291 quamquam
898 1211 1006 1271 animi)
1031 1209 1165 1271 melibre
1194 1220 1271 1272 sunt
1298 1232 1397 1292 quarn
1422 1238 1433 1285 5

295 1331 372 1391 pars
400 1310 623 1392 patricirirum‚
653 1320 817 1394 potestate
848 1324 961 1376 tamen
987 1320 1099 1375 nostrai
1130 1313 1396 1377 continebuntur.

295 1415 335 1496 Q.
356 1415 523 1491 Metellus,
541 1436 640 1498 quern
656 1436 719 1498 ego
737 1418 799 1480 hirc
817 1418 1023 1499 prnspiciens
1039 1416 1072 1478 in
1094 1438 1210 1499 agrum
1236 1419 1398 1483 Gallicum

297 1520 522 1602 Picenumque
553 1530 717 1601 praemisi,
749 1532 807 1584 aut
838 1523 1005 1603 opprimet
1038 1523 1207 1585 hominem
1239 1533 1295 1586 aut
1328 1523 1399 1585 eius

295 1632 412 1687 omnes
437 1633 546 1688 mettis
573 1633 778 1707 crinitusque
803 1626 1000 1708 prohibebit.
1050 1627 1200 1709 Reliquis
1223 1637 1335 1690 autem
1358 1627 1400 1689 de

295 1730 395 1791 rebus
417 1729 667 1805 cunstituendis
696 1732 908 1805 maturandis,
930 1732 1159 1813 agendisiarn
1182 1732 1224 1793 ad
1247 1739 1398 1794 senatum
1411 1756 1437 1787 10

295 1834 489 1909 referemus
507 1854 605 1915 quern
621 1842 733 1897 vocitri
748 1836 876 1897 vidistis.

338 1945 440 2007 Nunc
456 1944 529 2005 illns
545 1943 650 2023 quiin
667 1941 749 2004 urbe
766 1949 1006 2016 remanserunt,
1024 1951 1124 2023 atque
1143 1941 1227 2003 adef)
1246 1950 1303 2022 qui
1325 1961 1400 2003 con-

295 2056 344 2111 tri
368 2047 460 2111 urbis
484 2048 625 2110 salutem
649 2048 863 2128 omniumque
878 2056 1026 2108 vestrum
1051 2045 1084 2106 in
1107 2044 1189 2106 urbe
1213 2052 1233 2106 zi
1257 2044 1400 2108 Catilinzi

295 2153 400 2216 relicti
416 2163 502 2228 sunt,
520 2172 721 2234 quamquam
739 2162 817 2214 sunt
834 2152 956 2224 hostes,
975 2159 1096 2223 tamen,
1115 2148 1192 2230 quia
1208 2157 1285 2210 sunt
1301 2156 1398 2223 cives

295 2258 438 2321 monitbs
454 2258 554 2321 etiarn
570 2267 671 2340 atque
687 2259 787 2320 etiam
804 2258 889 2319 voli).
938 2256 1017 2317 Mea
1037 2254 1154 2316 lenitis
1171 2253 1279 2315 adhuc
1301 2261 1328 2314 si
1348 2253 1436 2324 cui15

295 2362 433 2425 solutior
448 2372 519 2425 visa
535 2371 595 2436 est,
613 2362 675 2424 hirc
692 2361 906 2442 exspectavit,
925 2369 960 2422 ut
981 2359 1014 2421 id
1035 2357 1124 2440 quod
1149 2356 1273 2420 latebat
1296 2364 1400 2418 eruni-

295 2478 398 2548 peret.
447 2468 546 2550 Quod
563 2468 726 2551 reliquum
739 2478 798 2541 est,
813 2468 878 2530 iam
892 2476 957 2529 niun
976 2487 1111 2547 possum
1125 2465 1273 2528 oblivisci
1292 2483 1399 2525 meam

295 2572 381 2634 hanc
397 2592 473 2636 esse
490 2573 641 2653 patriam,
658 2580 712 2634 me
729 2574 844 2634 hurum
862 2592 935 2634 esse
953 2570 1132 2644 c6nsulem,
1151 2568 1231 2630 mihi
1252 2577 1309 2630 aut
1326 2587 1400 2630 curn

295 2677 345 2738 his
373 2677 552 2739 vivendum
580 2687 638 2739 aut
665 2684 726 2758 pri)
753 2676 803 2738 his
832 2696 906 2738 esse
933 2674 1149 2736 moriendum.
1199 2673 1318 2734 Nullus
1350 2681 1401 2734 est

296 2789 400 2862 portis
423 2787 546 2855 custus
574 2780 684 2842 nullus
708 2779 880 2842 insidiator
902 2780 995 2852 viae;
1028 2788 1056 2839 si
1082 2787 1139 2859 qui
1163 2787 1251 2840 exire
1274 2777 1399 2849 volunt,
1410 2798 1439 2829 20

296 2891 449 2946 cirnivere
473 2904 628 2965 possum;
655 2893 712 2965 qui
734 2891 813 2946 veri)
837 2884 930 2945 sein
953 2881 1034 2944 urbe
1058 2880 1283 2954 commuverit,
1309 2880 1400 2942 cuius

296 3008 358 3070 ego
375 2992 443 3050 ηὸτι
460 2987 557 3051 modo
575 2989 711 3063 factum3
729 2988 789 3050 sed
805 2988 974 3068 inceptum
994 2987 1096 3047 ullum
1114 2993 1311 3048 crinitumve
1327 3004 1402 3047 con-

296 3099 345 3154 tri
364 3093 503 3172 patriam
522 3092 781 3172 deprehendere,
795 3091 916 3154 sentiet
932 3091 965 3152 in
982 3091 1044 3152 haic
1061 3090 1142 3152 urbe
1158 3109 1232 3152 esse
1248 3089 1401 3151 cnnsules

295 3196 482 3276 vigilantes
500 3214 573 3258 esse
590 3196 743 3276 egregins
760 3195 983 3275 magistratus,
1001 3213 1074 3255 esse
1095 3194 1216 3256 fortem
1238 3199 1400 3268 seruitum,

297 3319 371 3361 esse
394 3318 496 3373 arma,
521 3318 594 3362 esse
622 3319 800 3373 carcerem,
825 3319 924 3379 quem
948 3297 1112 3360 vindicem
1137 3296 1338 3359 nefirir‘rrum
1362 3316 1438 3364 ac25

297 3403 550 3465 manifestiurum
567 3403 729 3466 scelerum
747 3402 887 3465 maistres
903 3411 1009 3464 nostri
1023 3421 1097 3464 esse
1112 3400 1296 3464 voluerunt.

297 3661 362 3725 All
387 3661 480 3725 shall
504 3660 542 3725 bc
569 3661 652 3726 done
678 3661 818 3725 without
843 3660 967 3724 tumult
994 3661 1067 3722 and
1092 3659 1233 3721 without
1261 3658 1402 3721 ueedless

450 3766 598 3846 severity.
651 3765 682 3827 T
676 3766 717 3828 ue
734 3766 819 3848 gods
843 3763 920 3826 will
939 3763 976 3825 be
997 3783 1060 3825 oter
1072 3772 1256 3844 protectors.

345 3944 393 4003 13.
426 3927 541 4009 Atque
557 3928 639 3990 haec
655 3928 767 3990 omnia
783 3937 830 3990 sic
846 3934 996 4006 agentur,
1015 3923 1170 4006 Quirites,
1188 3932 1224 3984 ut
1240 3921 1402 3987 maximae

299 4038 353 4094 res
375 4029 514 4095 minimi>
536 4038 638 4107 mutii,
663 4031 809 4114 pericula
832 4047 963 4092 summa
987 4028 1079 4090 nulli)
1102 4025 1254 4101 tumultu,
1279 4009 1403 4091 bellurn
