3375 4775
612 558 769 608 ORATlON
794 558 864 608 FOR
886 558 1055 610 LIGARIUS
1323 562 1383 628 225

277 732 379 797 huius
396 734 605 810 humanitati,
622 732 656 795 id
673 753 715 797 ne
730 732 948 816 impetremus
970 732 1181 815 oppugnabis
1202 743 1235 797 et
1256 735 1291 796 in
1312 754 1385 798 nos·

275 847 368 901 trum
390 838 505 902 fletum
527 839 698 919 inrumpes
719 848 754 901 et
774 859 834 901 nos
854 838 1002 901 iacentes
1018 838 1060 900 ad
1076 838 1180 920 pedes
1196 840 1384 921 supplicum

274 962 361 1006 voce
386 941 603 1024 prohibebis?
649 941 694 1018 Si,
719 962 794 1005 cum
818 942 881 1005 hoc
905 942 995 1004 domi
1018 943 1213 1019 faceremus,
1238 943 1328 1025 quod
1351 953 1386 1006 et

275 1046 423 1110 fecimus
447 1056 489 1121 et,
514 1056 551 1109 ut
574 1066 681 1128 spero,
704 1067 772 1108 non
794 1048 920 1109 frustra
942 1048 1093 1121 fecimus
1117 1056 1153 1110 tu
1175 1057 1316 1129 repente
1339 1047 1385 1109 in-

275 1152 404 1214 ruisses
420 1160 454 1214 et
470 1151 614 1214 clamare
630 1152 817 1233 coepisses:
845 1148 878 1214 C.
899 1148 1028 1227 Caesar,
1044 1172 1121 1213 cave
1137 1151 1292 1235 rgaoscas,
1308 1173 1386 1214 cave
1409 1175 1420 1224 5

275 1264 310 1317 te
314 1256 470 1335 fratrum
477 1265 541 1335 pro
554 1256 683 1337 fratn's
697 1254 804 1317 salute
818 1254 1054 1317 obsecrantium
1070 1255 1224 1318 masereat
1234 1260 1249 1318 !
1272 1276 1383 1318 nonne

276 1378 412 1421 omnem
431 1360 672 1423 humanitatem
694 1359 867 1423 exuisses?
900 1359 1050 1441 'Quanto
1070 1360 1133 1422 hoc
1153 1359 1277 1435 durius,
1295 1360 1384 1441 quod

277 1483 340 1525 nos
353 1462 445 1525 domi
460 1464 614 1544 petimus,
627 1463 661 1526 id
676 1472 710 1527 te
726 1463 760 1526 in
775 1464 850 1526 foro
867 1483 1064 1545 oppugnare
1080 1473 1113 1527 et
1129 1465 1162 1526 in
1179 1464 1236 1526 tali
1252 1463 1385 1526 miseria

277 1568 459 1631 multorum
476 1567 669 1651 perfugium
686 1566 931 1631 misericordiae
947 1567 1081 1631 tollere!

278 1817 349 1881 But
355 1820 421 1901 for
433 1818 486 1880 tlte
504 1818 660 1899 clemency
675 1819 746 1881 and
756 1818 941 1901 generosity
955 1820 997 1900 of
1007 1840 1096 1901 your
1108 1829 1232 1895 nature,
1253 1816 1382 1895 Caesar,

315 1944 406 2006 your
423 1923 544 2004 vz'ctory
565 1923 679 1985 would
696 1924 781 1986 have
802 1922 877 1986 been
892 1924 1050 1986 attendcd
1066 1922 1148 1985 with
1170 1923 1383 1987 lamentatz'on

322 2027 396 2089 and
408 2026 591 2110 moreming.

327 2190 446 2252 Dicam
463 2190 572 2271 plane,
592 2190 726 2266 Caesar,
743 2191 831 2273 quod
849 2192 965 2254 sentio,
1015 2191 1050 2254 Si
1071 2192 1105 2252 in
1128 2191 1189 2253 hac
1211 2200 1305 2254 tanta
1326 2201 1384 2254 tua
1395 2227 1422 2259 ιο

280 2294 416 2357 fortuna
433 2294 550 2356 lenitas
567 2303 660 2357 tanta
680 2315 748 2357 non
769 2304 867 2370 esset,
885 2315 984 2377 quam
1005 2304 1042 2357 tu
1064 2315 1123 2376 per
1139 2304 1181 2371 te,
1199 2315 1258 2376 per
1279 2304 1321 2370 te,
1338 2296 1384 2356 in·
1428 2333 1431 2339 ·

281 2419 391 2480 quam,
409 2397 759 2481 obtines—intellego
780 2400 859 2481 quid
882 2399 1271 2481 loquar-acerbissimo
1293 2401 1383 2464 luctu

281 2503 483 2566 redundaret
502 2502 566 2565 ista
581 2503 727 2566 victoria.
775 2504 886 2586 Quam
908 2505 1003 2567 multi
1024 2505 1112 2566 enim
1134 2514 1246 2568 essent
1262 2505 1304 2568 de
1319 2506 1384 2568 vic-

281 2606 407 2670 toribus
431 2606 488 2688 qui
510 2616 543 2670 te
567 2607 734 2671 crudelem
758 2628 833 2671 esse
854 2609 987 2684 vellent,
1009 2628 1085 2671 cum
1106 2611 1205 2672 etiam
1227 2609 1269 2672 de
1288 2609 1384 2672 victis

281 2711 509 2792 reperiantur!
556 2711 666 2794 Quam
698 2712 793 2774 multi
823 2712 880 2793 qui
907 2732 981 2775 cum
1006 2733 1026 2774 a
1048 2722 1082 2776 te
1104 2711 1233 2794 ignosci
1259 2713 1384 2776 nemini
1396 2743 1419 2792 ις

281 2816 415 2890 vellent,
432 2815 633 2897 impedirent
648 2816 858 2879 clementiam
875 2825 976 2892 tuam,
994 2837 1068 2879 cum
1086 2817 1185 2880 etiam
1202 2818 1246 2893 hi,
1264 2817 1383 2899 quibus

281 2919 363 3002 ipsis
379 2919 545 3001 ignovisti,
563 2920 669 2983 nolint
684 2930 717 2984 te
733 2940 806 2984 esse
821 2923 857 2983 in
873 2921 954 2984 alios
972 2920 1236 2984 misericordem!
1284 2921 1383 3002 Quod

282 3024 309 3087 si
328 3024 470 3106 probare
495 3025 631 3089 Caesari
655 3045 828 3106 possemus
852 3027 885 3087 in
909 3026 1028 3088 Africa
1053 3026 1225 3107 Ligarium
1249 3025 1384 3088 omnino

282 3149 348 3192 non
373 3128 487 3204 fuisse,
512 3127 540 3192 si
561 3129 702 3192 honesto
723 3139 756 3193 et
778 3131 982 3194 misericordi
1003 3131 1176 3194 mendacio
1198 3130 1298 3193 saluti
1321 3131 1384 3193 civi

281 3233 474 3296 calamitoso
490 3252 564 3296 esse
579 3234 749 3310 vellemus,
764 3244 876 3298 tamen
893 3235 1036 3298 hominis
1052 3256 1119 3298 non
1136 3244 1225 3298 esset
1240 3236 1274 3297 in
1290 3245 1384 3298 tanto
1394 3267 1422 3301 20

281 3336 471 3400 discrimine
487 3346 521 3401 et
537 3337 683 3418 periculo
699 3338 780 3401 civis
797 3339 950 3402 refellere
966 3349 1000 3402 et
1015 3340 1215 3421 redarguere
1234 3350 1383 3402 nostrum

282 3441 502 3517 mendacium,
525 3451 568 3518 et,
591 3443 619 3505 si
639 3453 728 3506 esset
749 3443 897 3518 alicuius,
920 3445 990 3506 eius
1012 3454 1101 3507 certe
1123 3464 1189 3506 non
1213 3453 1310 3517 esset,
1329 3443 1386 3525 qui

281 3543 313 3608 in
336 3547 456 3609 eadem
480 3565 581 3609 causa
604 3556 638 3610 et
660 3547 797 3610 fortuna
820 3547 947 3610 luisset.
996 3548 1063 3610 Sed
1086 3556 1198 3610 tamen
1222 3547 1311 3610 aliud
1334 3556 1385 3610 est

281 3668 390 3714 errare
426 3650 605 3714 Caesarem
637 3651 735 3726 nolle,
764 3651 853 3713 aliud
885 3660 935 3714 est
965 3652 1054 3715 nolle
1085 3653 1244 3715 misereri.
1297 3652 1384 3713 Tum

281 3754 427 3820 diceres:
463 3751 591 3830 caesar,
615 3751 695 3817 cave
718 3755 831 3817 credas
841 3779 855 3828 ,·
877 3756 955 3837 fuit
977 3755 1012 3818 in
1035 3756 1164 3837 Africa,
1190 3755 1270 3818 tulit
1289 3776 1420 3833 arma25

279 3870 387 3922 contra
404 3861 463 3921 te!
509 3858 608 3921 Nunc
624 3859 704 3941 quid
726 3858 831 3922 dicis?
880 3857 966 3922 Cave
987 3859 1160 3942 agnoscas!
1206 3861 1301 3922 Haec
1323 3878 1385 3921 nec

281 3963 425 4028 hominis
458 3982 520 4026 nec
551 3964 593 4025 ad
625 3964 794 4026 hominem
824 3984 889 4026 vox
919 3972 978 4026 est.
1028 3965 1104 4046 Qua
1135 3962 1192 4045 qui
1222 3962 1312 4045 apud
1341 3971 1384 4040 te,

446 4074 595 4122 nanuusss’
608 4085 744 4122 c1csuo—
754 4085 782 4139 15
