3375 4775
355 551 413 613 192
703 544 881 593 onarrons
904 544 949 593 or
971 544 1099 593 cronno

351 720 450 801 paulo
470 719 561 802 loqui
580 718 723 792 liberius,
741 729 775 781 et
790 717 821 779 in
843 719 914 781 eius
933 718 1022 780 modi
1043 738 1195 799 persona,
1212 739 1300 800 quae
1321 728 1455 800 propter

351 825 453 886 otium
475 844 514 885 ac
534 823 679 885 studium
704 824 838 885 minime
863 822 896 883 in
920 822 1048 884 iudiciis
1073 822 1295 904 periculisque
1316 832 1455 885 tractata

350 938 411 1002 est,
429 928 476 989 uti
493 947 598 1008 prope
614 947 700 990 novo
716 926 862 1008 quodam
877 937 912 989 et
927 926 1083 989 inusitato
1100 946 1223 1006 genere
1239 926 1383 989 dicendi

773 1137 990 1211 Psorosrrro,
1015 1153 1033 1198 2

395 1276 495 1357 Quod
511 1276 538 1337 si
555 1275 635 1336 mihi
647 1295 667 1336 a
679 1274 773 1337 vobis
788 1273 888 1335 tribui
900 1273 1103 1356 concedique
1120 1274 1272 1349 sentiam,
1286 1274 1455 1356 perficiam

329 1381 503 1460 5profecto
520 1389 555 1441 ut
572 1379 660 1440 hunc
677 1379 720 1440 A.
736 1378 901 1441 Licinium
918 1398 985 1440 non
1003 1377 1100 1439 modo
1117 1398 1183 1439 non
1197 1378 1454 1459 segregandum,

351 1503 426 1545 curn
444 1483 485 1544 sit
504 1482 594 1557 civiS,
612 1502 631 1543 a
652 1501 790 1544 numero
812 1482 943 1556 civium,
960 1501 1076 1543 verum
1092 1482 1201 1556 etiam,
1219 1482 1247 1543 si
1268 1501 1336 1544 non
1358 1490 1454 1556 esset,

351 1586 474 1668 putetis
491 1585 722 1648 asciscendum
738 1585 851 1647 fuisse.

783 1796 979 1871 Nnrmnrro,
1005 1811 1021 1873 3

350 1935 380 1996 A
399 1935 511 1997 native
525 1936 565 2016 of
578 1933 727 2009 Antion,
745 1934 785 1995 ne
801 1955 891 1995 came
913 1943 944 1994 to
964 1934 1051 2013 Italy
1066 1934 1139 1996 and
1147 1933 1274 2015 finally
1289 1944 1321 1995 to
1341 1934 1454 2009 Rome,

393 2040 482 2120 after
508 2037 636 2119 leaving
663 2038 811 2099 traveled
837 2037 1035 2117 extense'vely
1062 2036 1096 2098 in
1127 2036 1242 2098 Greeee
1267 2038 1341 2099 and
1361 2038 1454 2099 Asia.

394 2143 484 2204 Here
498 2142 537 2203 lte
553 2163 625 2203 anon
642 2141 694 2202 tlte
710 2140 903 2222 friendsln'p
918 2142 959 2221 os
975 2161 1037 2202 enr
1049 2151 1134 2202 inest
1147 2140 1293 2202 eminent
1311 2141 1453 2203 citizens.

394 2299 422 2355 3.
456 2280 544 2342 Nam
566 2289 602 2341 ut
624 2280 766 2359 primum
782 2299 822 2341 ex
842 2280 954 2359 pueris
973 2278 1115 2340 excessit
1131 2277 1276 2340 Archias
1297 2288 1399 2360 atque
1415 2277 1456 2340 ab

350 2384 388 2447 iis
406 2384 530 2446 artibus
552 2383 671 2465 quibus
690 2393 781 2445 aetas
802 2382 938 2464 puerilis
957 2381 1000 2444 ad
1023 2383 1261 2445 humanitatem
1283 2380 1457 2444 informari

315 2519 341 2550 ιο
351 2488 434 2551 solet
455 2508 490 2549 se
509 2489 551 2549 ad
573 2487 740 2550 scribendi
760 2487 906 2548 studium
929 2487 1076 2561 contulit,
1095 2486 1237 2567 primum
1254 2486 1457 2549 Antiochiae

276 2596 282 2606 “
350 2612 481 2653 —nam
508 2591 553 2652 ibi
576 2602 673 2652 natus
696 2601 748 2653 est
771 2591 843 2652 loco
871 2590 1157 2652 nobili-celebri
1181 2590 1351 2672 quondam
1375 2591 1456 2652 urbe

351 2704 385 2757 et
408 2695 542 2775 copiosa
564 2705 664 2776 atque
688 2693 918 2756 eruditissimis
942 2694 1130 2756 hominibus
1152 2693 1458 2775 liberalissimisque

352 2799 468 2863 studiis
483 2798 652 2873 adfluenti,
667 2799 816 2861 celeriter
828 2798 1029 2860 antecellere
1042 2797 1194 2860 omnibus
1210 2797 1337 2878 ingenii
1353 2797 1459 2878 gloria

352 2903 469 2984 coepit.
518 2904 596 2964 Post
616 2904 650 2964 in
672 2902 791 2964 ceteris
811 2902 914 2964 Asiae
936 2901 1086 2983 partibus
1107 2910 1293 2982 cunctaque
1318 2901 1459 2965 Graecia

315 3009 398 3085 15sic
419 3008 490 3069 eius
512 3007 676 3068 adventus
699 3006 953 3068 celebrabantur
973 3015 1010 3068 ut
1032 3006 1158 3068 famam
1179 3005 1304 3086 ingenii
1325 3025 1460 3086 exspec-

351 3111 432 3174 tatio
448 3110 601 3185 hominis‚
619 3111 899 3190 exspectationem
917 3109 1021 3190 ipsius
1038 3110 1201 3171 adventus
1217 3108 1459 3191 admiratioque

353 3224 532 3295 superaret.
582 3214 663 3276 Erat
692 3214 789 3276 Italia
815 3223 886 3276 tum
916 3213 1014 3294 plena
1042 3212 1245 3276 Graecarum
1274 3213 1393 3275 artium
1419 3233 1460 3274 ac

353 3318 612 3399 disciplinarum,
630 3318 804 3399 studiaque
820 3318 904 3379 haec
921 3316 1003 3379 etin
1025 3317 1122 3379 Latio
1139 3316 1371 3379 vehementius
1388 3326 1459 3378 turn

353 3421 547 3484 colebantur
577 3443 676 3504 quam
705 3442 793 3484 nunc
823 3422 929 3484 isdem
956 3422 990 3483 in
1019 3420 1160 3502 oppidis,
1186 3429 1220 3483 et
1247 3421 1300 3495 hic
1330 3421 1460 3483 Romae

315 3553 344 3583 20
354 3535 490 3606 propter
515 3526 788 3607 tranquillitatem
820 3527 867 3588 rei
899 3526 1051 3606 publicae
1082 3544 1149 3585 non
1180 3523 1459 3605 neglegebantur.

355 3629 473 3710 Itaque
496 3630 585 3691 hunc
607 3640 640 3692 et
661 3629 834 3692 Tarentini
855 3639 887 3692 et
912 3631 1097 3692 Locrenses
1118 3638 1152 3691 et
1174 3628 1297 3709 Regini
1319 3637 1353 3690 et
1375 3628 1462 3690 Nea-

354 3732 492 3813 politani
519 3733 650 3796 civitate
674 3735 860 3813 ceterisque
888 3734 1044 3814 praemiis
1072 3733 1247 3805 donarunt,
1272 3740 1307 3793 et
1332 3751 1460 3805 omnes

353 3837 410 3918 qui
426 3835 549 3917 aliquid
573 3837 615 3899 de
634 3837 776 3918 ingeniis
800 3845 954 3918 poterant
974 3835 1129 3910 iudicare,
1147 3836 1339 3915 cognitione
1359 3844 1462 3916 atque

355 3940 499 4022 hospitio
516 3941 654 4022 dignum
671 3940 910 4004 existimarunt.
