3375 4775
346 607 407 669 186
694 611 871 662 onnnous
894 611 939 661 or
961 610 1088 660 cronno

342 810 380 853 ac
406 789 525 864 liberis,
552 798 609 870 qui
633 787 675 850 ab
700 794 904 849 ernamentis
932 785 1086 847 lenerum
1111 794 1210 867 atque
1234 785 1442 868 oppidorum,

341 904 399 976 qui
413 893 455 956 ab
471 900 552 955 aure
567 898 715 972 gazeque
732 892 824 971 regie
841 896 969 964 manus,
983 889 1105 965 ocules
1124 889 1271 952 animum
1289 890 1443 952 cohibere

342 997 455 1080 possit,
474 1004 539 1058 nen
561 997 623 1057 erit
641 994 779 1057 idoneus
803 1003 860 1075 qui
881 994 923 1055 ad
946 992 1070 1055 bellum
1087 993 1273 1056 Asieticum
1301 994 1443 1075 regium·

341 1121 406 1184 que
432 1101 588 1162 mittetur.
637 1098 786 1179 Ecquam
815 1098 939 1178 putetis
964 1096 1131 1159 civitetem
1159 1103 1312 1178 pecetam
1340 1098 1442 1159 luisse

320 1226 427 1287 5quae
443 1204 591 1284 locuples
608 1202 659 1276 sit,
673 1221 813 1283 ecquam
830 1221 904 1263 esse
922 1201 1119 1282 locupletem
1134 1221 1220 1282 quae
1235 1202 1307 1263 istis
1324 1208 1443 1282 peceta

341 1329 415 1372 esse
441 1307 615 1371 videetur?
673 1290 743 1369 Ora
770 1306 942 1381 maritima,
971 1306 1126 1387 Quirites
1157 1305 1217 1369 Cn.
1248 1306 1441 1387 Pompeium

341 1420 407 1475 nen
425 1413 530 1475 selum
548 1421 684 1494 propter
699 1419 746 1473 rei
767 1411 916 1472 militeris
939 1410 1088 1490 gleriam,
1106 1410 1166 1472 sed
1189 1409 1289 1472 etiam
1307 1418 1443 1492 propter

341 1517 444 1579 animi
459 1517 697 1579 continentiam
721 1514 900 1596 requisivit.
948 1513 1094 1577 Videbat
1113 1514 1202 1576 enim
1225 1513 1442 1595 impereteres

342 1622 537 1702 locupleteri
555 1628 733 1700 quotannis
755 1620 898 1700 pecunie
922 1618 1054 1700 publice
1078 1628 1209 1699 praeter
1232 1626 1368 1700 pauces,
1385 1638 1441 1680 ne·

305 1757 332 1789 ιο
341 1746 405 1807 que
429 1732 485 1788 ees
510 1725 686 1805 quicquam
710 1722 800 1784 aliud
820 1724 960 1804 adsequi
982 1722 1137 1785 classium
1161 1723 1305 1797 nemine,
1322 1724 1387 1785 nisi
1408 1730 1442 1784 ut

340 1829 547 1891 detrimentis
563 1826 764 1907 accipiendis
778 1826 901 1888 maiere
913 1827 1011 1888 adiici
1026 1825 1230 1907 turpitudine
1244 1826 1440 1888 videremur.

343 1933 441 1995 Nunc
458 1938 523 2013 que
539 1930 720 2011 cupiditete
737 1931 890 1992 homines
906 1931 940 1992 in
957 1931 1144 2011 previncies
1157 1940 1191 1993 et
1208 1930 1328 2012 quibus
1344 1930 1441 1993 iactu-

340 2046 394 2112 ris,
412 2036 532 2118 quibus
556 2034 805 2097 condicionibus
829 2035 1090 2115 proficiscantur,
1110 2042 1266 2114 ignerant
1288 2035 1443 2097 videlicet

340 2140 395 2204 isti
421 2150 477 2222 qui
504 2140 546 2201 ad
572 2145 674 2200 imum
702 2138 885 2200 deferenda
908 2139 1020 2200 omnia
1042 2158 1116 2201 esse
1139 2146 1207 2199 nen
1232 2137 1440 2201 arbitrantur.

305 2245 446 2327 15Quasi
468 2251 548 2305 vere
575 2245 636 2308 Cn.
662 2243 856 2323 Pompeium
881 2250 947 2303 nen
972 2262 1048 2304 cum
1073 2251 1142 2304 suis
1168 2241 1346 2304 virtutibus
1373 2251 1441 2304 tum

340 2348 440 2411 etiam
457 2347 572 2410 alienis
588 2347 675 2410 vitiis
695 2353 855 2427 megnum
874 2365 948 2408 esse
968 2345 1150 2408 viderimus
1199 2345 1275 2428 Que
1291 2352 1326 2408 re
1342 2345 1442 2408 nelite

341 2452 491 2514 dubitere
508 2462 586 2533 quin
603 2451 680 2513 huic
705 2458 762 2512 uni
785 2450 928 2513 credetis
944 2451 1064 2526 omnia,
1082 2460 1139 2532 qui
1160 2450 1247 2513 inter
1268 2458 1317 2512 tot
1338 2458 1443 2512 annes

341 2564 427 2618 unus
442 2557 597 2618 inventus
624 2557 675 2631 sit,
694 2575 793 2637 quem
818 2556 899 2617 socii
921 2554 955 2616 in
979 2555 1078 2617 urbes
1102 2554 1180 2616 sues
1196 2574 1272 2617 cum
1296 2554 1442 2617 exercitu

341 2661 472 2722 venisse
489 2660 668 2739 gaudeant.
1324 2722 1328 2729 ,

303 2793 332 2825 20
385 2763 484 2846 Quod
501 2772 529 2824 si
544 2762 796 2825 auctoritatibus
812 2763 900 2826 hanc
913 2783 1057 2838 causam,
1073 2762 1229 2844 Quirites,
1243 2762 1444 2825 cenfirman-

341 2868 417 2929 dam
438 2867 571 2948 putetis,
594 2876 645 2929 est
667 2865 761 2929 vebis
778 2876 893 2929 auctor
909 2867 958 2930 vir
981 2867 1142 2929 bellerum
1171 2868 1319 2929 omnium
1347 2866 1445 2928 mexi-

341 2978 535 3052 merumque
563 2979 673 3033 rerum
698 2970 925 3052 peritissimus,
952 2972 985 3033 P.
1015 2970 1183 3046 Servilius
1209 2969 1303 3033 cuius
1330 2979 1443 3032 tantae

340 3082 393 3136 res
410 3084 525 3155 gestae
541 3081 628 3136 terre
645 3084 794 3156 marique
814 3075 1012 3137 exstiterunt
1035 3084 1080 3150 ut,
1098 3094 1174 3136 cum
1198 3074 1240 3136 de
1259 3073 1348 3136 belle>
1369 3074 1445 3135 deli·

235 3215 244 3233 ›
341 3178 472 3252 beretiS,
500 3188 615 3240 auctor
645 3179 739 3241 vebis
771 3180 903 3259 gravior
929 3198 1004 3241 esse
1035 3186 1134 3241 neme>
1160 3178 1298 3253 debeat;
1327 3187 1379 3240 est
1406 3178 1441 3242 C.

303 3282 452 3361 25Ci1rie,
478 3292 614 3345 summis
637 3292 754 3344 vestris
779 3281 949 3344 beneficiis
973 3284 1190 3363 maximisque
1213 3270 1312 3345 rebus
1330 3291 1442 3363 gestis,

341 3393 471 3447 summe
486 3387 619 3465 ingenie
631 3395 666 3448 et
681 3386 858 3466 prudentia
875 3386 1043 3466 praeditus
1050 3407 1057 3463 ;
1075 3396 1126 3448 est
1143 3384 1203 3448 Cn.
1224 3386 1396 3461 Lentulus,
1410 3385 1443 3446 in

341 3497 407 3571 que
433 3497 549 3551 omnes
581 3497 640 3569 pre
671 3489 884 3570 amplissimis
915 3498 1033 3552 vestris
1065 3489 1246 3552 honeribus
1277 3509 1442 3552 summum

341 3594 524 3668 censilium,
553 3613 716 3654 summam
744 3594 942 3674 gravitetem
970 3613 1044 3656 esse
1071 3594 1294 3673 cegnevistis;
1326 3603 1379 3656 est
1406 3591 1441 3654 C.

342 3697 487 3771 Cassius,
509 3696 708 3776 integritete,
732 3697 864 3772 virtute,
887 3697 1074 3759 censtantie
1094 3697 1263 3778 singulari.
1311 3696 1389 3778 Que
1409 3703 1443 3757 re

304 3800 450 3878 30videte
475 3801 592 3862 herum
615 3801 866 3862 aucteritetibus
890 3801 1021 3863 illerum
1047 3802 1188 3864 eretieni
1214 3809 1271 3883 qui
1294 3799 1444 3870 dissenti-

342 3913 402 3967 unt
417 3904 663 3985 responderene
680 3923 779 3990 posse
794 3904 975 3974 videemur.
1226 3885 1230 3890 ⁴
