3375 4775
327 570 391 632 244
679 563 856 613 ORATIONS
880 564 925 613 OF
947 562 1074 613 CICERO

326 738 450 801 tionem
467 737 582 802 habuit
603 739 780 800 maximam
797 738 922 819 populo
941 739 1093 801 Romano
1109 758 1213 800 unum
1227 748 1328 820 atque
1344 738 1432 801 idem

327 843 499 906 sentiente.
549 843 588 903 ln
612 863 678 923 qua
708 843 863 905 contione
894 861 969 904 cum
993 861 1046 905 me
1079 862 1139 923 pro
1163 862 1295 905 summa
1319 852 1434 906 nostra

327 947 560 1011 coniunctione
590 956 624 1009 et
654 945 879 1009 familiaritate
904 946 1043 1009 liberare
1071 945 1262 1027 suspicione
1289 947 1431 1010 fascium

326 1052 435 1127 vellet,
457 1072 524 1113 una
546 1070 628 1113 voce
652 1060 772 1113 cuncta
795 1051 906 1113 contio
931 1049 1112 1113 declaravit
1136 1051 1218 1113 nihil
1240 1070 1315 1114 esse
1337 1073 1357 1114 a
1381 1072 1434 1116 me

305 1175 484 1237 5umquam
509 1155 550 1217 de
566 1174 601 1216 re
619 1154 750 1235 publica
774 1153 837 1216 nisi
861 1153 985 1235 optime
1010 1155 1201 1235 cogitatum.
1251 1155 1330 1218 Post
1346 1156 1434 1218 hanc

327 1260 474 1321 habitam
491 1260 679 1321 contionem
694 1258 824 1321 duabus
840 1258 987 1321 tribusve
1006 1258 1095 1320 horis
1107 1258 1310 1340 optatissimi
1326 1259 1436 1323 nuntii

327 1373 360 1426 et
384 1365 511 1426 litterae
526 1373 699 1438 venerunt,
714 1372 749 1425 ut
765 1362 854 1424 idem
871 1362 941 1424 dies
958 1382 1025 1425 non
1041 1363 1140 1425 modo
1156 1362 1365 1445 iniquissima
1382 1383 1436 1425 me

328 1467 451 1530 invidia
482 1466 636 1542 liberarit,
662 1467 720 1529 sed
753 1466 854 1530 etiam
894 1465 1109 1530 celeberrima
1140 1468 1257 1549 populi
1290 1467 1437 1531 Romani

329 1572 550 1654 gratulatione
574 1572 709 1634 auxerit.

294 1710 319 1741 ιο
374 1678 470 1739 Haec
491 1677 683 1756 interposui,
706 1685 818 1757 patres
842 1676 1032 1758 conscripti,
1053 1695 1121 1738 non
1145 1685 1213 1739 tam
1237 1685 1274 1739 ut
1297 1696 1358 1758 pro
1383 1696 1437 1739 me

329 1780 615 1843 dixerim-male
646 1781 733 1842 enim
769 1799 899 1841 mecum
935 1789 1100 1861 ageretur,
1132 1779 1160 1842 si
1191 1800 1310 1860 parum
1340 1780 1437 1843 vobis

329 1905 438 1948 essem
455 1886 525 1947 sine
542 1884 738 1947 defensione
756 1894 1085 1966 purgatus—quam
1104 1893 1141 1946 ut
1157 1883 1320 1966 quosdam
1337 1885 1437 1947 nimis

329 1991 440 2053 ieiuno
464 1989 574 2052 animo
598 1998 631 2051 et
655 1999 798 2069 angusto
822 2008 1002 2064 monerem,
1027 1987 1060 2050 id
1086 1987 1175 2070 quod
1204 2008 1336 2071 semper
1364 1990 1439 2072 ipse

330 2094 495 2169 fecissem,
513 2094 561 2155 uti
580 2092 811 2155 excellentium
836 2092 956 2155 civium
979 2093 1136 2156 virtutem
1159 2092 1344 2155 imitatione
1369 2093 1440 2174 dig·

295 2219 418 2277 15nam,
450 2218 517 2260 non
545 2197 667 2260 invidia
698 2206 863 2278 putarent.
927 2198 1073 2277 Magnus
1100 2205 1152 2259 est
1178 2197 1212 2258 in
1240 2216 1276 2260 re
1303 2196 1439 2278 publica

331 2323 479 2383 campuS,
493 2311 529 2364 ut
545 2303 713 2382 sapienter
729 2300 839 2363 dicere
857 2301 998 2364 Crassus
1015 2300 1152 2377 solebat,
1170 2300 1283 2364 multis
1300 2310 1439 2382 apertus

330 2427 447 2471 cursus
463 2408 505 2469 ad
523 2407 663 2469 laudem.

337 2663 403 2726 Tae
428 2664 559 2727 Roman
583 2666 696 2745 people
722 2665 818 2727 know
844 2663 918 2726 tlzat
942 2663 966 2724 l
987 2684 1042 2726 am
1070 2684 1091 2725 a
1119 2672 1191 2725 true
1212 2663 1344 2745 patriot
1371 2662 1444 2726 and

586 2768 658 2830 that
680 2769 812 2849 Antony
835 2766 908 2829 isa
923 2766 1037 2849 public
1058 2789 1177 2848 enemy.

375 2948 403 3009 7.
436 2933 575 2996 Utinam
599 2931 733 3014 quidem
757 2931 803 2992 illi
831 2932 999 3012 principes
1022 2929 1181 3006 viverent,
1206 2929 1263 3012 qui
1286 2951 1340 2994 me
1363 2939 1439 3012 post

332 3056 442 3099 meum
470 3037 689 3110 consulatum,
714 3056 787 3098 cum
813 3036 852 3098 iis
875 3035 948 3116 ipse
971 3035 1134 3110 cederem,
1160 3034 1347 3116 principem
1371 3055 1439 3097 non

295 3167 323 3199 20
332 3141 425 3202 inviti
449 3140 624 3204 videbant!
673 3141 748 3203 Hoc
772 3159 851 3202 vero
874 3148 1024 3220 tempore
1048 3137 1081 3199 in
1106 3147 1200 3200 tanta
1226 3137 1341 3218 inopia
1364 3158 1440 3201 con-

333 3247 490 3307 stantium
522 3255 555 3308 et
585 3245 722 3308 fortium
754 3244 986 3318 consularium,
1015 3263 1081 3324 quo
1113 3261 1165 3304 me
1196 3242 1311 3304 dolore
1342 3242 1441 3304 adfici

333 3349 474 3424 creditis
498 3370 573 3412 cum
594 3349 675 3411 alios
697 3349 781 3411 male
805 3347 937 3423 sentire,
960 3347 1040 3409 alios
1062 3346 1144 3408 nibil
1167 3347 1302 3409 omnino
1323 3365 1441 3410 curare

332 3453 473 3529 videam,
503 3454 585 3516 alios
616 3474 732 3534 parum
764 3460 957 3515 constanter
987 3452 1021 3513 in
1050 3461 1206 3532 suscepta
1236 3470 1337 3512 causa
1369 3470 1441 3533 per-

333 3577 468 3620 manere
485 3559 751 3638 sententiamque
773 3576 867 3619 suam
888 3576 955 3618 non
977 3575 1109 3637 semper
1130 3555 1271 3617 utilitate
1292 3554 1339 3618 rei
1361 3554 1442 3637 pub

296 3685 322 3734 ις
333 3661 424 3735 licae,
443 3663 501 3723 sed
521 3670 589 3723 tum
607 3682 666 3741 spe
682 3670 752 3723 tum
770 3661 889 3723 timore
911 3659 1100 3722 moderari?
1147 3659 1247 3741 Quod
1263 3658 1291 3721 si
1307 3659 1382 3740 quis
1398 3659 1441 3721 de

334 3765 544 3828 contentione
577 3765 780 3846 principatus
816 3762 953 3839 laborat,
986 3783 1071 3845 quae
1102 3763 1193 3825 nulla
1223 3782 1298 3826 esse
1330 3762 1440 3839 debet,

246 3909 250 3916 -
334 3868 526 3932 stultissime
550 3869 639 3943 facit,
665 3868 692 3931 si
715 3868 801 3930 vitiis
830 3887 905 3929 cum
930 3867 1049 3930 virtute
1073 3866 1262 3943 contendit;
1291 3876 1329 3930 ut
1351 3868 1441 3931 enim

334 3993 433 4037 cursu
454 3993 579 4049 cursus,
597 3974 643 4035 sic
665 3971 698 4033 in
720 3970 797 4033 viris
819 3970 961 4033 fortibus
982 3971 1086 4035 virtus
1106 3971 1228 4033 virtute
1252 3981 1440 4053 superatur.
