3375 4775
355 561 419 622 224
706 554 883 603 ORATIONS
906 553 951 604 OF
973 555 1101 604 CICERO

354 739 391 792 ut
406 738 442 792 tu
466 729 526 804 vis,
550 748 674 810 parem.
724 728 819 791 Haec
847 727 1062 805 admirabilia,
1087 729 1146 791 sed
1177 728 1322 810 prodigii
1353 728 1454 792 simile

354 843 406 897 est
433 833 522 915 quod
548 833 666 896 dicam.
715 833 793 895 Non
822 832 923 895 habet
949 853 1023 895 eam
1047 832 1112 894 vim
1139 832 1203 896 ista
1230 835 1400 897 accusatio
1421 842 1455 895 ut

355 937 396 1019 Q.
416 937 571 1018 Ligarius
592 937 842 1011 condemnetur,
861 937 919 1000 sed
936 946 972 999 ut
993 947 1138 1000 necetur.
1188 937 1264 1000 Hoc
1287 939 1357 1018 egit
1378 937 1453 1000 civis

355 1043 528 1104 Romanus
559 1050 637 1104 ante
663 1050 697 1104 te
724 1060 841 1117 nemo;
873 1042 1000 1104 externi
1031 1041 1086 1103 isti
1113 1061 1222 1104 mores
1250 1051 1308 1104 aut
1336 1041 1454 1104 levium

331 1145 557 1221 5Graecorum
586 1155 644 1208 aut
673 1145 867 1207 immanium
894 1144 1120 1208 barbarorum.
1169 1146 1257 1208 Nam
1282 1146 1362 1228 quid
1386 1147 1455 1227 agis

353 1251 464 1313 aliud?
511 1252 639 1314 Romae
665 1270 708 1313 ne
736 1249 787 1324 sit,
816 1258 854 1312 ut
880 1250 979 1312 domo
1007 1258 1127 1326 careat,
1152 1270 1195 1313 ne
1222 1270 1298 1313 cum
1322 1251 1454 1331 optimis

353 1356 520 1430 fratribus,
542 1375 585 1418 ne
607 1375 682 1417 cum
705 1355 767 1416 hoc
790 1355 828 1416 T.
854 1354 1003 1417 Broccho
1025 1356 1198 1430 avunculo,
1221 1374 1264 1417 ne
1285 1374 1362 1417 cum
1386 1354 1455 1417 eius

353 1458 420 1521 filio
443 1458 642 1523 consobrino
664 1479 734 1532 su0‚
757 1477 800 1519 ne
824 1458 997 1520 nobiscum
1018 1458 1117 1533 vivat,
1140 1478 1183 1521 ne
1206 1459 1249 1520 sit
1270 1457 1304 1519 in
1326 1458 1454 1540 patria?

355 1564 444 1626 Num
466 1564 540 1627 est?
587 1564 676 1625 Num
701 1571 811 1643 potest
835 1562 941 1643 magis
965 1582 1078 1625 carere
1102 1564 1154 1625 his
1178 1563 1333 1626 omnibus
1356 1583 1454 1645 quam

317 1667 465 1731 rocaret?
517 1668 614 1729 Italia
648 1666 851 1747 prohibetur,
884 1667 1022 1730 exsulat.
1076 1669 1153 1729 Non
1185 1677 1222 1730 tu
1252 1688 1334 1749 ergo
1367 1668 1454 1730 hunc

352 1773 460 1854 patria
483 1771 623 1853 privare,
640 1792 707 1853 qua
730 1781 829 1847 caret,
848 1772 906 1834 sed
922 1771 989 1834 vita
1007 1771 1066 1834 vis
1114 1773 1163 1835 At
1186 1772 1275 1835 istud
1299 1792 1342 1836 ne
1366 1772 1453 1853 apud

352 1896 428 1938 eum
459 1876 592 1958 quidem
624 1875 829 1951 dictatorem,
854 1876 910 1958 qui
941 1896 1056 1939 omnes
1088 1896 1171 1957 quos
1202 1876 1320 1939 oderat
1350 1886 1454 1940 morte

352 1980 523 2056 multabat,
549 1979 723 2061 quisquam
751 1982 820 2061 egit
843 1981 907 2042 isto
931 1980 1039 2043 modo.
1088 1981 1167 2061 Ipse
1190 1980 1328 2043 iubebat
1351 1981 1453 2044 occidi

351 2084 443 2147 nullo
471 2084 670 2165 postulante,
700 2083 856 2165 praemiis
884 2084 983 2147 etiam
1010 2083 1190 2160 invitabat;
1224 2104 1311 2166 quae
1342 2094 1452 2147 tamen

316 2188 530 2262 15crudelitas
551 2188 593 2250 ab
615 2188 677 2250 hoc
699 2188 817 2251 eodem
839 2188 966 2269 aliquot
981 2189 1078 2250 annis
1093 2196 1179 2269 post,
1197 2208 1298 2270 quem
1314 2197 1351 2251 tu
1367 2209 1453 2251 nunc

351 2292 519 2355 crudelem
536 2312 610 2355 esse
626 2293 684 2363 vis,
701 2290 869 2354 vindicata
885 2302 944 2355 est.

350 2545 385 2606 lt
411 2544 441 2606 is
467 2543 628 2607 inhumare
657 2543 691 2606 in
715 2565 791 2626 you,
826 2543 956 2621 Tubero,
985 2555 1016 2608 to
1043 2557 1154 2627 oppose
1181 2545 1234 2609 tlze
1254 2547 1387 2628 pardon
1412 2547 1451 2628 of

816 2648 986 2730 Legamus.

395 2828 424 2890 5.
455 2811 529 2893 Ego
549 2831 623 2873 vero
645 2810 740 2873 istud
756 2833 819 2874 non
835 2813 975 2892 postula,
999 2813 1138 2895 inquies,
1187 2813 1240 2877 Ita
1263 2814 1452 2878 mehercule

350 2915 511 2990 existimo,
539 2914 682 2978 Tubero.
730 2915 818 2978 Novi
845 2917 933 2978 enim
960 2925 1003 2992 te,
1028 2918 1105 2979 novi
1131 2927 1270 2998 patrem,
1297 2918 1375 2982 novi
1401 2918 1452 2980 do

350 3039 441 3081 mum
465 3039 654 3100 nomenque
676 3029 843 3095 vestrum;
868 3020 977 3082 studia
1000 3023 1133 3102 generis
1156 3042 1195 3084 ac
1218 3023 1367 3086 familiae
1385 3043 1452 3085 ves-

313 3157 341 3188 20
351 3132 421 3185 trae
444 3123 584 3198 virtutis,
617 3124 841 3199 humanitatis
874 3124 1053 3201 doctrinae,
1083 3126 1302 3207 plurimarum
1334 3128 1450 3190 artium

350 3237 450 3308 atque
466 3227 666 3308 optimarum
683 3237 762 3291 nota
778 3228 860 3290 mihi
877 3238 954 3291 sunt
969 3229 1089 3291 omnia.
1138 3231 1255 3312 Itaque
1273 3239 1365 3293 certo
1386 3232 1451 3294 scio

349 3352 409 3393 vos
440 3352 507 3393 non
538 3341 651 3412 petere
683 3332 890 3413 sanguinem,
915 3334 974 3396 sed
1008 3354 1124 3415 parum
1155 3335 1337 3398 attenditis.
1387 3337 1450 3398 Res

350 3435 438 3497 enim
460 3455 499 3498 eo
519 3445 657 3516 spectat,
677 3444 712 3498 ut
730 3456 771 3498 ea
789 3457 899 3518 poena
920 3436 952 3498 in
971 3458 1035 3518 qua
1053 3438 1161 3500 adhuc
1178 3437 1218 3520 Q.
1239 3438 1396 3520 Ligarius
1412 3438 1452 3501 sit

349 3560 416 3601 non
432 3540 612 3603 videamini
631 3560 704 3602 esse
725 3542 881 3604 contenti.
930 3541 1027 3623 Quae
1048 3553 1099 3606 est
1119 3544 1220 3624 igitur
1236 3543 1302 3605 alia
1323 3552 1451 3624 praeter

283 3706 288 3724 q
312 3673 338 3721 ²5
350 3644 514 3706 mortem?
561 3644 596 3707 Si
620 3645 708 3706 enim
733 3655 783 3707 est
804 3645 837 3707 in
860 3646 983 3722 exsili0,
1007 3648 1103 3710 sicuti
1126 3657 1185 3723 est,
1208 3647 1289 3729 quid
1310 3649 1450 3730 amplius

350 3746 550 3829 postulatis?
596 3748 653 3810 An
670 3768 712 3810 ne
729 3749 943 3830 ignoscatur?
992 3750 1068 3813 Hoc
1084 3771 1163 3814 vero
1180 3751 1284 3814 multo
1301 3752 1450 3816 acerbius

350 3853 521 3934 multoque
545 3862 597 3915 est
624 3852 746 3915 durius.
794 3853 893 3935 Quod
921 3875 982 3916 nos
1006 3857 1149 3936 petimus
1174 3856 1340 3936 precibus,
1365 3854 1450 3920 lacri-

351 3958 421 4033 miS,
440 3957 534 4020 strati
550 3957 591 4018 ad
608 3956 720 4037 pedes,
738 3967 891 4020 nontam
906 3967 1040 4022 nostrae
1057 3978 1176 4022 causae
1193 3959 1337 4024 fidentes
1355 3979 1450 4045 quam
