3375 4775
580 562 655 615 mus
678 565 918 618 rounraarnu
943 568 1120 618 pmcroprc
1337 572 1396 632 241

291 736 397 801 oblita
420 748 471 801 est
492 738 571 802 vita.
619 740 680 804 Est
703 740 804 823 igitur
824 744 1009 825 quisquam,
1027 741 1083 824 qui
1099 742 1212 804 hostes
1228 741 1399 821 appellare

291 862 362 904 non
379 843 508 919 audeat,
526 864 666 925 quorum
683 846 808 909 scelere
824 847 1053 910 crudelitatem
1072 844 1398 927 Carthaginiensium

291 947 417 1009 victam
432 966 506 1010 esse
522 948 691 1013 fateatur?

290 1197 344 1259 As
358 1218 380 1258 a
396 1197 638 1281 tlzanksgr'viog
649 1198 711 1262 has
727 1199 803 1264 been
817 1200 987 1282 proposed,
1004 1201 1027 1262 Ι
1045 1222 1138 1264 move
1152 1200 1224 1262 that
1241 1200 1292 1261 tlte
1308 1221 1398 1262 nnm-

325 1301 394 1373 Uber
412 1303 451 1382 of
466 1302 547 1383 days
569 1301 604 1365 be
628 1303 795 1366 r'ncreased
812 1306 886 1367 and
906 1306 979 1368 tloat
1001 1305 1054 1367 tlte
1076 1304 1147 1367 title
1167 1306 1208 1386 of
1224 1305 1402 1387 imperator

339 1405 375 1467 be
388 1405 560 1487 conferred
567 1416 651 1488 repon
667 1408 744 1470 each
759 1410 800 1490 os
816 1430 878 1471 our
891 1409 978 1471 three
988 1408 1127 1492 general
1143 1457 1149 1471 .

336 1589 367 1647 4.
400 1568 476 1650 Qua
492 1569 581 1632 enim
597 1571 631 1631 in
644 1571 725 1634 urbe
741 1581 809 1634 tam
825 1572 980 1635 immanis
999 1571 1170 1636 Hannibal
1183 1582 1281 1654 capta
1297 1592 1396 1653 quam

292 1673 326 1736 in
352 1674 471 1736 Parma
494 1673 652 1755 subrepta
675 1676 871 1739 Antonius?
918 1676 992 1739 Nisi
1015 1678 1101 1740 forte
1124 1675 1221 1740 huius
1249 1677 1397 1740 coloniae
1422 1708 1433 1756 5

292 1787 326 1841 et
342 1787 536 1853 ceterarum,
554 1779 588 1839 in
604 1799 687 1860 quas
703 1780 820 1842 eodem
844 1790 896 1844 est
919 1780 1039 1857 animo,
1057 1801 1124 1843 nnn
1145 1789 1197 1844 est
1219 1781 1324 1844 hostis
1341 1802 1398 1863 pu-

293 1884 425 1946 tandus.
474 1882 510 1946 Si
533 1902 612 1946 vero
629 1883 834 1946 coloniarum
851 1893 884 1948 et
900 1885 1155 1966 municipiorum
1173 1886 1243 1948 sine
1260 1886 1326 1948 ulla
1343 1887 1398 1948 du-

293 1987 454 2051 bitatione
472 1988 576 2051 hostis
589 1997 649 2063 est,
664 1987 743 2069 quid
760 1988 896 2051 tandem
913 1989 1011 2051 huius
1025 1991 1167 2052 censetis
1181 1989 1280 2066 urbis,
1298 2011 1398 2072 quam

292 2092 346 2155 ille
370 2092 412 2155 ad
432 2091 615 2174 explendas
638 2100 806 2172 egestates
827 2092 991 2155 latrocinii
1012 2094 1062 2156 sui
1082 2094 1280 2175 concupivit,
1299 2115 1398 2178 quam

293 2198 359 2258 iam
383 2198 509 2279 peritus
541 2204 683 2259 metator
708 2205 741 2259 et
765 2196 904 2259 callidus
932 2197 1137 2279 decempeda
1160 2219 1219 2261 sua
1244 2199 1332 2263 Saxa
1355 2198 1399 2261 di·
1411 2231 1437 2262 10

294 2301 440 2364 viserat?
489 2303 733 2381 Recordamini‚
760 2325 821 2386 per
844 2304 925 2368 deos
953 2304 1166 2379 immortales,
1188 2313 1298 2386 patres
1326 2324 1401 2366 con·

296 2405 420 2489 scripti,
444 2408 524 2489 quid
549 2408 613 2471 hoc
636 2409 737 2472 biduo
762 2409 968 2473 timuerimus
993 2431 1013 2472 a
1036 2409 1225 2473 domesticis
1249 2409 1399 2472 hostibus

295 2510 481 2574 rumoribus
498 2511 751 2595 improbissimis
771 2514 949 2596 dissipatis,
991 2514 1076 2596 Quis
1093 2513 1222 2589 liberos,
1236 2512 1309 2596 quis
1326 2533 1401 2576 con-

296 2615 406 2697 iugem
431 2618 581 2699 aspicere
602 2628 734 2700 poterat
757 2619 828 2682 sine
854 2618 943 2695 fletu,
962 2620 1035 2700 quis
1051 2618 1196 2694 domum,
1214 2617 1287 2700 quis
1302 2627 1399 2693 tecta,

296 2720 368 2802 quis
384 2720 488 2784 larem
504 2721 728 2785 familiarem?
777 2724 850 2787 Aut
869 2723 1097 2786 foedissimam
1121 2732 1261 2785 mortem
1285 2742 1400 2785 omnes
1412 2749 1437 2798 ις

296 2836 350 2889 aut
373 2825 596 2889 miserabilem
621 2828 737 2909 fugam
763 2828 964 2909 cogitabant.
1014 2829 1108 2890 Haec
1132 2848 1152 2890 a
1175 2826 1294 2909 quibus
1310 2825 1402 2888 time·

295 2929 424 3007 bantur,
442 2951 498 2995 eos
517 2933 630 2996 hostes
654 2932 824 3015 appellare
850 2931 1065 2995 dubitamus?
1112 2931 1253 2996 Gravius
1277 2930 1304 2992 si
1328 2929 1400 3012 quis

295 3036 441 3099 attulerit
456 3056 589 3113 nomen,
608 3036 749 3101 libenter
773 3036 962 3113 adsentiar;
987 3039 1049 3100 hoc
1072 3034 1202 3117 vulgari
1225 3044 1400 3098 contentus

294 3141 347 3202 vix
362 3161 446 3217 sum,
460 3141 582 3205 leviore
600 3162 666 3204 non
683 3152 765 3207 utar.

337 3244 457 3326 Itaque
481 3266 557 3308 cum
575 3245 836 3328 supplicationes
853 3247 1050 3311 iustissimas
1071 3244 1167 3308 exiis
1184 3241 1300 3306 litteris
1316 3263 1439 3325 quae20

292 3350 451 3413 recitatae
469 3360 547 3413 sunt
563 3350 743 3415 decernere
767 3351 949 3415 debeamus
968 3349 1191 3430 Serviliusque
1208 3348 1400 3423 decreverit,

292 3453 424 3535 augebo
442 3454 578 3518 omnino
602 3475 777 3518 numerum
792 3456 929 3531 dierum,
949 3453 1144 3536 praesertim
1161 3472 1237 3515 cum
1260 3472 1328 3514 non
1345 3450 1402 3513 uni

292 3558 353 3621 sed
376 3558 483 3622 tribus
507 3558 647 3622 ducibus
679 3559 745 3622 sint
778 3559 1017 3622 decernendae.
1068 3558 1137 3623 Sed
1168 3558 1231 3619 hoc
1258 3556 1401 3639 primum

293 3663 427 3737 faciam,
441 3671 478 3724 ut
501 3663 720 3744 imperatores
744 3663 911 3746 appellem
937 3683 1003 3738 eos,
1023 3683 1163 3744 quorum
1180 3662 1310 3736 virtute,
1328 3680 1402 3722 con-

293 3765 377 3841 silio,
395 3765 555 3829 felicitate
580 3766 730 3829 maximis
753 3767 908 3847 periculis
935 3766 1102 3829 servitutis
1127 3776 1226 3847 atque
1251 3765 1401 3826 interitus
1411 3787 1437 3836 25

294 3867 425 3932 liberati
449 3888 574 3932 sumus.
622 3870 755 3933 Etenim
788 3871 841 3934 cui
861 3864 983 3952 'viginti
1006 3869 1057 3932 his
1085 3869 1181 3932 annis
1204 3867 1401 3949 supplicatio

295 3972 432 4038 decreta
448 3982 507 4050 est,
525 3983 562 4036 ut
585 3994 652 4036 non
676 3973 857 4055 imperator
880 3976 1106 4056 appellaretur
1122 3984 1180 4036 aut
1196 3972 1339 4034 minimis
1356 3991 1403 4034 re-

462 4084 612 4132 unnxuass’
630 4084 805 4132 crosno—16
