3375 4775
348 572 410 632 228
699 578 876 628 onnrrous
899 579 945 628 of
967 579 1094 629 crcnno

347 756 394 819 rei
418 754 571 836 publicae
594 753 838 816 sanctissimum
863 773 986 816 nomen
1010 755 1211 835 opponebat,
1234 764 1278 830 ut,
1302 755 1448 819 etiamsi

347 860 444 922 aliter
460 857 606 933 sentiret,
622 857 799 920 verborum
821 867 934 920 tamen
958 857 1107 939 ipsorum
1131 860 1264 940 pondus
1288 860 1448 923 sustinere

348 982 416 1026 non
442 970 565 1044 posset.
613 960 722 1025 Cessit
748 960 937 1024 auctoritati
961 962 1156 1043 amplissimi
1178 962 1241 1025 viri
1263 964 1317 1027 vel
1341 966 1449 1046 potius

348 1066 476 1149 paruit;
500 1086 566 1128 una
583 1075 634 1129 est
651 1066 821 1147 profectus
837 1085 913 1128 curn
934 1066 975 1128 iis
996 1087 1137 1148 quorum
1159 1076 1230 1130 erat
1251 1089 1319 1130 una
1340 1089 1447 1132 causa.

326 1172 491 1246 5Tardius
512 1171 574 1233 iter
589 1171 669 1233 fecit
689 1170 801 1251 itaque
822 1172 857 1231 in
875 1170 1026 1232 Africam
1043 1170 1134 1233 venit
1154 1170 1220 1233 iam
1242 1183 1448 1254 occupatam.

351 1275 440 1338 Hinc
463 1276 497 1337 in
523 1274 694 1355 Ligarium
718 1274 843 1336 crimen
867 1275 971 1336 oritur
993 1275 1046 1337 vel
1070 1274 1118 1337 ira
1141 1277 1262 1356 potius.
1311 1277 1401 1339 Nam
1423 1275 1450 1339 si

348 1379 473 1443 crimen
495 1388 546 1442 est
560 1379 715 1454 voluisse,
732 1378 932 1466 nonminus
953 1398 1113 1459 magnum
1133 1389 1184 1442 est
1204 1399 1265 1442 vos
1287 1380 1448 1456 Africam,

348 1504 458 1548 arcem
494 1484 640 1546 omnium
673 1483 928 1565 provinciarum,
961 1492 1074 1545 natam
1105 1483 1147 1545 ad
1177 1483 1303 1547 bellum
1336 1496 1451 1548 contra

349 1589 435 1651 hanc
463 1587 578 1650 urbem
607 1587 800 1668 gerendum,
829 1586 979 1650 obtinere
1007 1588 1150 1651 voluisse
1178 1609 1279 1670 quarn
1306 1589 1450 1672 aliquem

314 1712 385 1756 rose
409 1692 572 1755 maluisse.
620 1692 734 1773 Atque
757 1692 785 1753 is
808 1702 922 1753 tamen
946 1691 1064 1773 aliquis
1090 1692 1244 1779 Ligarius
1273 1714 1341 1757 non
1370 1694 1451 1770 fuit;

348 1798 459 1860 Varus
482 1795 657 1877 imperium
681 1816 716 1858 se
741 1794 863 1858 habere
887 1795 1028 1871 dicebat,
1045 1796 1156 1859 fasces
1180 1807 1271 1861 certe
1295 1799 1450 1863 habebat.

349 1901 415 1965 Sed
433 1919 567 1982 quoquo
584 1899 681 1962 modo
698 1920 733 1962 se
754 1899 834 1961 illud
856 1898 965 1975 habet,
984 1899 1067 1962 haec
1089 1901 1224 1982 querela
1239 1911 1353 1965 vestra
1373 1904 1454 1986 quid

348 2005 454 2067 valet:
491 2005 654 2085 ‘Recepti
684 2002 718 2065 in
749 2002 955 2085 provinciam
990 2023 1057 2066 non
1092 2005 1248 2067 sumus'?
1296 2006 1397 2088 Quid,
1427 2010 1455 2071 si

348 2107 490 2171 essetis?
536 2109 716 2173 Caesarine
744 2127 817 2170 eam
845 2106 998 2170 tradituri
1026 2108 1137 2170 fuistis
1160 2128 1203 2171 an
1228 2120 1346 2174 contra
1373 2113 1456 2177 Cae-

313 2236 337 2284 15
349 2232 456 2275 sarem
479 2212 661 2275 retenturi?

347 2465 389 2548 Is
396 2486 464 2546 you
486 2465 558 2527 lead
576 2465 710 2528 secured
729 2465 781 2527 tlte
802 2465 926 2527 control
945 2467 986 2547 of
1006 2466 1131 2548 Africa,
1157 2477 1188 2530 to
1211 2467 1319 2532 whom
1345 2471 1463 2533 would

677 2591 745 2651 you
767 2569 852 2632 leave
874 2570 1041 2632 delivered
1061 2570 1115 2635 ir?

391 2734 419 2797 8.
451 2732 538 2795 Vide
559 2732 638 2814 quid
662 2731 824 2807 licentiae,
846 2733 979 2809 Caesar,
1000 2734 1095 2797 nobis
1116 2743 1173 2797 tua
1197 2734 1378 2801 liberalitas
1399 2739 1458 2803 det

346 2838 400 2900 vel
420 2837 531 2918 potius
553 2837 720 2900 audaciae.
768 2837 804 2900 Si
823 2838 1033 2918 responderit
1052 2838 1185 2902 Tubero
1204 2839 1369 2917 Africam,
1388 2863 1456 2924 quo

348 2950 483 3005 senatus
499 2961 575 3004 eum
593 2960 730 3022 sorsque
748 2940 891 3016 miserat,
909 2940 969 3004 tibi
988 2951 1117 3023 patrem
1137 2963 1233 3006 suum
1252 2945 1456 3009 traditurum

348 3045 461 3121 luisse,
484 3065 550 3107 non
574 3044 733 3107 dubitabo
757 3044 846 3125 apud
870 3045 979 3126 ipsum
1003 3055 1045 3121 te,
1066 3045 1159 3109 cuius
1182 3047 1217 3110 id
1240 3068 1316 3111 eum
1340 3050 1456 3115 facere

310 3179 338 3209 20
347 3148 506 3224 interfuit,
532 3147 735 3230 gravissimis
758 3149 869 3211 verbis
896 3150 967 3212 eius
995 3150 1167 3214 consilium
1195 3153 1454 3234 reprehendere.

349 3253 428 3317 Non
444 3252 541 3328 enim,
560 3253 587 3314 si
603 3252 662 3315 tibi
677 3272 717 3315 ea
733 3272 785 3315 res
807 3262 903 3333 grata
924 3253 1052 3329 fuisset,
1069 3265 1158 3318 esset
1178 3257 1279 3319 etiam
1301 3259 1454 3338 probata.

349 3356 416 3420 Sed
443 3356 508 3419 iam
536 3357 599 3420 hoc
626 3366 731 3419 totum
760 3359 886 3434 omitto,
914 3379 982 3420 non
1009 3367 1077 3421 tam
1105 3380 1147 3423 ne
1175 3361 1347 3425 offendam
1378 3373 1455 3427 tuas

347 3459 606 3542 patientissimas
622 3481 719 3523 aures
735 3481 834 3542 quam
851 3482 893 3524 ne
910 3462 1042 3526 Tubero
1059 3463 1148 3545 quod
1167 3485 1350 3548 numquam
1368 3468 1458 3550 cogi-

346 3566 429 3628 tavit
440 3566 590 3627 facturus
606 3565 711 3626 fuisse
722 3565 882 3628 videatur.
922 3566 1117 3630 Veniebatis
1130 3567 1230 3650 igitur
1241 3568 1275 3633 in
1289 3570 1455 3648 Africam,

311 3698 336 3746 ²5
349 3669 553 3750 provinciam
573 3688 673 3730 unam
692 3688 733 3731 ex
752 3668 907 3732 omnibus
929 3669 1005 3733 huic
1021 3671 1179 3736 victoriae
1196 3674 1338 3737 maxime
1354 3674 1457 3740 infes

347 3781 425 3848 tarn,
448 3773 481 3835 in
505 3793 571 3854 qua
593 3782 664 3836 erat
687 3792 744 3835 rex
768 3772 1019 3854 potentissimus
1043 3774 1196 3840 inimicus
1220 3777 1297 3841 huic
1322 3799 1455 3855 causae,

348 3877 455 3940 aliena
481 3877 636 3939 voluntas
664 3886 851 3940 conventus
882 3877 967 3940 firmi
997 3888 1097 3961 atque
1128 3883 1250 3962 magni.
1299 3882 1456 3965 Quaero:

348 3980 439 4063 Quid
472 3979 595 4044 facturi
624 3979 757 4043 fuistis?
804 3981 1017 4065 Quamquam
1052 3984 1132 4065 quid
1166 3985 1290 4051 facturi
1324 3987 1455 4054 fueritis
