3375 4775
528 546 685 597 ORATION
708 548 778 597 FOR
799 547 873 596 THE
897 548 985 597 POET
1007 548 1164 599 ARCHIAS
1340 554 1397 620 191

294 730 330 783 et
364 722 528 803 pueritiae
562 722 754 785 memoriam
790 722 957 786 recordari
991 724 1150 799 ultimam,
1181 724 1260 787 inde
1295 745 1400 806 usque

294 835 453 905 repetens
480 826 570 887 hunc
593 826 689 891 video
715 826 796 887 mihi
818 827 1003 907 principem
1027 827 1126 889 etad
1153 827 1398 908 suscipiendam

295 938 330 991 et
350 929 393 990 ad
416 929 668 1009 ingrediendam
690 931 852 991 rationem
877 930 993 992 horum
1018 930 1201 993 studiorum
1223 932 1396 994 exstitisse.

296 1032 398 1113 Quod
420 1034 447 1095 si
468 1034 551 1095 haec
566 1053 630 1095 vox
645 1034 743 1094 huius
763 1033 896 1095 hortatu
917 1034 1169 1115 praeceptisque
1191 1035 1413 1096 conformata-

294 1156 364 1198 non
388 1137 487 1197 nullis
510 1137 688 1217 aliquando
712 1136 810 1198 saluti
833 1136 906 1211 fuit,
930 1157 949 1198 a
973 1158 1038 1218 quo
1061 1137 1094 1199 id
1119 1138 1308 1219 accepimus
1332 1159 1397 1219 quo
1422 1164 1432 1212 5

294 1239 415 1302 ceteris
439 1239 594 1320 opitulari
617 1249 651 1302 et
674 1240 756 1301 alios
779 1260 911 1302 servare
937 1261 1120 1321 possemus
1146 1242 1221 1304 huic
1246 1243 1398 1323 profecto

293 1343 369 1423 ipsi,
387 1352 547 1425 quantum
563 1352 615 1405 est
631 1343 730 1405 situm
751 1342 785 1404 in
805 1343 912 1418 nobiS,
929 1352 963 1405 et
981 1364 1079 1424 opem
1095 1354 1129 1406 et
1147 1345 1288 1407 salutem
1310 1346 1398 1409 ferre

294 1446 465 1509 debemus.

339 1550 393 1613 Ac
411 1571 452 1613 ne
475 1550 548 1632 quis
565 1551 696 1614 anobis
717 1551 779 1613 hoc
800 1550 847 1613 ita
868 1551 932 1613 dici
953 1551 1040 1614 forte
1061 1551 1206 1627 miretur,
1224 1553 1312 1634 quod
1333 1553 1398 1615 alia
1482 1569 1492 1586 s

293 1655 459 1736 quaedam
487 1656 520 1716 in
548 1655 611 1718 hoc
637 1655 780 1717 facultas
803 1655 846 1717 sit
867 1654 994 1736 ingenii
1020 1676 1130 1736 neque
1157 1656 1238 1719 haec
1266 1657 1397 1719 dicendi
1409 1684 1435 1715 10

293 1758 379 1821 ratio
395 1768 452 1821 aut
468 1758 652 1839 disciplina,
669 1779 790 1821 nenos
811 1758 946 1839 quidem
968 1759 1043 1820 huie
1061 1761 1118 1821 uni
1134 1760 1243 1822 studio
1265 1762 1397 1840 penitus

294 1883 453 1944 umquam
484 1862 586 1924 dediti
616 1863 749 1924 fuimus
798 1862 931 1924 Etenim
962 1883 1078 1925 omnes
1110 1873 1207 1938 artes,
1239 1883 1324 1945 quae
1354 1864 1396 1925 ad

294 1966 535 2027 humanitatem
566 1964 743 2045 pertinent,
772 1965 898 2027 habent
928 1965 1095 2046 quoddam
1125 1985 1300 2029 commune
1329 1966 1397 2027 vin-

292 2070 415 2144 culum,
440 2080 474 2131 et
496 2069 590 2151 quasi
613 2070 812 2149 cognatione
838 2069 982 2151 quadam
1005 2070 1092 2131 inter
1114 2089 1150 2131 se
1174 2069 1394 2132 continentur.

292 2322 407 2383 Allow
428 2344 480 2384 me
502 2331 533 2384 to
554 2322 690 2384 conduct
711 2321 777 2383 this
799 2321 897 2383 novel
913 2322 983 2383 soit
1005 2321 1039 2383 in
1062 2344 1083 2384 a
1104 2322 1284 2384 somowltot
1304 2322 1402 2384 novel

338 2448 421 2508 way,
445 2426 504 2489 but
527 2427 550 2489 Ι
571 2427 662 2488 shall
680 2437 783 2508 prove
809 2427 884 2488 tlzot
907 2427 948 2488 A.
977 2426 1129 2488 Licinius
1151 2427 1292 2487 Archias
1320 2427 1348 2488 z's
1374 2449 1395 2489 a

335 2527 467 2591 Roman
483 2527 609 2604 citizen,
622 2530 694 2592 and
706 2529 785 2604 that,
805 2529 840 2610 z'f
865 2530 905 2590 lte
921 2551 1005 2591 were
1023 2540 1086 2604 not,
1105 2530 1133 2591 z't
1152 2530 1264 2591 would
1282 2529 1318 2591 be
1337 2551 1399 2592 our

336 2634 417 2714 duty
437 2642 468 2694 to
489 2633 602 2714 confer
621 2632 674 2694 tlte
689 2633 864 2715 franchise
887 2645 969 2714 upon
992 2633 1061 2695 leion
1085 2653 1167 2695 now.

338 2814 367 2856 2.
401 2795 468 2858 Sed
485 2814 528 2856 nc
545 2794 598 2856 cui
612 2805 759 2856 vestrum
776 2796 893 2856 mirum
912 2815 985 2858 esse
996 2795 1147 2857 videatur
1163 2816 1216 2858 me
1232 2797 1266 2857 in
1283 2816 1432 2877 quaes-15

292 2899 383 2961 tione
407 2899 556 2978 legitima
576 2906 610 2960 et
630 2899 663 2958 in
685 2899 806 2959 iudicio
831 2898 973 2980 public0,
990 2919 1065 2960 cum
1090 2919 1143 2962 res
1166 2909 1284 2978 agatur
1307 2899 1397 2979 apud

293 3011 481 3084 praetorem
513 3001 628 3081 populi
661 3001 812 3076 Romani,
848 3002 1062 3065 lectissimum
1095 3003 1211 3076 virum,
1243 3011 1276 3065 et
1307 3002 1395 3082 apud

293 3104 521 3169 severissimos
532 3105 667 3179 iudices,
681 3115 774 3166 tanto
787 3115 953 3167 conventu
970 3106 1141 3167 hominum
1154 3125 1192 3167 ac
1208 3106 1397 3185 frequentia

293 3210 356 3273 hoc
384 3209 432 3272 uti
459 3228 582 3290 genere
612 3209 751 3284 dicendi,
777 3209 865 3291 quod
893 3229 958 3270 non
985 3209 1083 3270 modo
1111 3229 1131 3270 a
1157 3208 1396 3270 consuetudine

293 3315 498 3390 iudiciorum,
530 3334 645 3377 verum
680 3314 780 3378 etiam
810 3335 829 3375 a
864 3313 988 3375 lorensi
1023 3333 1175 3375 sermone
1210 3312 1394 3385 abhorreat,
1406 3339 1433 3369 20

293 3439 416 3501 quaeso
436 3440 461 3481 a
484 3419 577 3483 vobis
605 3429 642 3482 ut
664 3419 698 3481 in
722 3421 784 3481 hac
811 3439 911 3482 causa
936 3419 1015 3479 mihi
1042 3418 1128 3480 detis
1156 3418 1242 3479 hanc
1265 3414 1395 3477 veniam

293 3523 578 3587 accommodatam
607 3525 682 3586 huic
710 3544 776 3598 re0,
800 3521 904 3597 vobis,
930 3543 1027 3603 quem
1055 3521 1098 3584 ad
1125 3521 1259 3582 modum
1287 3538 1394 3599 spero,

293 3649 357 3691 non
374 3629 561 3703 molestam,
579 3638 615 3689 ut
631 3647 684 3690 me
707 3647 766 3708 pro
783 3647 912 3688 summo
933 3633 1033 3706 poeta
1054 3635 1153 3706 atque
1174 3622 1395 3686 eruditissimo

293 3733 426 3797 homine
444 3733 611 3795 dicentem
628 3731 691 3792 hoc
707 3750 869 3792 concursu
885 3730 1057 3791 hominum
1074 3727 1394 3800 litteratissimorum,

292 3838 350 3902 hac
377 3846 495 3902 vestra
526 3835 740 3908 humanitate,
771 3834 833 3895 hoc
865 3833 1008 3913 denique
1039 3842 1191 3913 praetore
1221 3837 1396 3892 exercente
1406 3855 1432 3902 25

291 3942 460 4015 iudicium,
487 3936 659 4019 patiamini
685 3937 727 3998 de
755 3936 872 3999 studiis
903 3935 1116 3997 humanitatis
1143 3953 1181 3995 ac
1212 3932 1396 3995 litterarum
