3375 4775
328 578 387 654 136
677 589 854 639 oumrous
877 592 922 641 ou
944 592 1074 642 crcuuo

324 811 389 873 For
403 812 526 892 myseffi
548 812 571 872 l
586 813 647 873 ask
667 813 741 893 only)
761 814 834 875 tlcat
845 836 914 894 you
935 815 1061 877 cleerislc
1083 816 1137 879 tlte
1157 839 1301 898 memory
1322 820 1364 899 of
1380 840 1436 899 my

819 919 923 980 deeds.

369 1088 417 1131 11.
452 1068 580 1150 Quibus
612 1079 673 1150 pre>
702 1081 804 1133 tantis
836 1072 944 1147 rebus,
974 1073 1133 1155 Quirites
1160 1075 1292 1161 ¹millum
1321 1096 1388 1157 ego
1416 1097 1435 1138 a

323 1173 416 1235 vebis
440 1173 622 1253 praemium
646 1174 786 1249 virtiitis,
811 1175 939 1237 millum
967 1186 1100 1257 insigne
1129 1178 1276 1254 honeris,
1301 1180 1434 1242 nullum

324 1290 576 1339 monumentum
588 1277 696 1339 laudis
712 1279 844 1360 postule
859 1289 1095 1361 praeterquam
1113 1282 1211 1344 huius
1228 1283 1295 1345 diei
1311 1304 1436 1347 memo

324 1382 404 1442 riam
429 1381 676 1460 sempiternam.
725 1382 765 1443 In
793 1382 911 1444 animis
940 1403 1003 1464 ego
1031 1394 1151 1447 vestris
1179 1394 1297 1449 omnes
1320 1388 1435 1450 trium-

303 1485 409 1567 5ph6s
428 1493 530 1559 meris
547 1487 659 1547 omnia
677 1493 873 1548 ernementa
892 1487 1038 1563 honeris,
1056 1500 1275 1552 monumenta
1295 1492 1433 1572 gleriae,

325 1590 431 1653 laudis
449 1590 593 1671 insignia
614 1592 713 1653 condi
733 1601 766 1653 et
787 1592 954 1654 conloceri
976 1593 1060 1655 voli).
1110 1594 1203 1655 Nihii
1225 1602 1279 1655 me
1301 1603 1434 1657 mutum

325 1706 435 1777 potest
465 1695 639 1770 delectere,
671 1696 764 1757 nihil.
784 1697 931 1772 tacitum,
957 1698 1039 1758 nihil
1070 1698 1215 1780 denique
1243 1698 1314 1760 eius
1343 1700 1436 1761 modi

325 1800 413 1881 quod
439 1802 538 1862 etiam
564 1802 673 1863 minus
699 1802 791 1881 digni
815 1804 956 1882 adsequi
982 1801 1120 1883 possint.
1171 1802 1338 1864 Memoria
1362 1823 1434 1866 ves-

325 1912 384 1979 tre,
417 1904 573 1986 Quirites,
605 1916 737 1967 nostrae
769 1913 821 1967 res
854 1906 994 1981 alentur,
1028 1905 1237 1969 sermenibus
1269 1914 1432 1982 crescent,

290 2010 506 2076 1olittera‘1rum
531 2020 753 2072 monumentis
778 2012 1025 2073 inveterascent
1047 2020 1081 2073 et
1105 2009 1432 2086 correborabuntur;

325 2113 533 2193 eandemque
563 2114 649 2175 diem
681 2114 850 2194 intellege,
883 2134 982 2195 quam
1015 2121 1113 2194 spere
1144 2123 1316 2176 aeternam
1348 2115 1432 2189 fore,

326 2226 545 2300 propagetam
576 2238 649 2280 esse
681 2227 714 2279 et
744 2219 786 2280 ad
815 2219 956 2280 saltitem
985 2217 1076 2279 urbis
1103 2226 1137 2280 et
1164 2217 1207 2279 ad
1235 2218 1432 2280 memoriam

325 2323 517 2385 censuletus
541 2332 614 2397 mei,
640 2330 772 2404 [ineque
795 2332 946 2403 tempore
970 2321 1003 2383 in
1032 2323 1094 2383 hec
1123 2329 1158 2383 re
1185 2320 1321 2402 publice
1348 2322 1434 2384 dues

326 2435 415 2489 cives
436 2427 610 2501 exstitisse,
631 2435 769 2507 querum
796 2427 880 2487 aiter
899 2427 986 2487 fines
1005 2435 1108 2487 vestri
1129 2425 1260 2505 imperii
1280 2433 1348 2488 nen
1371 2435 1435 2489 ter·

291 2551 391 2610 15rae,
412 2531 470 2593 sed
490 2530 573 2592 caeli
591 2529 782 2609 regionibus
801 2529 1005 2604 terminaret,
1026 2529 1110 2592 alter
1129 2529 1280 2591 eiusdem
1301 2530 1435 2610 imperii

326 2634 525 2696 domicilium
543 2633 704 2715 sedesque
723 2640 879 2696 servaret.

326 2897 349 2958 I
375 2898 441 2976 rely
470 2906 553 2976 upon
573 2916 662 2976 your
685 2897 842 2970 devotion,
864 2895 1140 2975 fellowritizem,
1172 2904 1203 2956 to
1226 2904 1353 2976 protect
1382 2917 1434 2958 me

369 2999 504 3082 against
525 3020 579 3079 my
601 2999 748 3061 enemim.
798 2999 845 3061 Go
869 3020 943 3062 now
965 3009 996 3060 to
1016 3020 1105 3080 your
1124 2999 1234 3061 homes
1260 3000 1334 3061 and
1356 3001 1434 3080 keep

365 3104 481 3187 guard
489 3105 554 3184 sor
572 3125 629 3165 orte
652 3103 748 3185 ingla
769 3124 865 3166 more.

373 3285 422 3330 12.
455 3266 522 3330 Sed
553 3266 708 3349 quoniam
741 3273 855 3327 earum
886 3273 996 3327 rerum
1028 3273 1111 3348 ques
1142 3285 1206 3346 ego
1239 3274 1331 3346 gessi
1365 3273 1433 3327 nen

327 3374 444 3435 eadem
470 3380 520 3433 est
547 3371 682 3433 fortuna
709 3379 809 3450 atque
837 3369 987 3432 condicie
1014 3390 1100 3451 quae
1127 3370 1268 3445 illerum,
1297 3378 1356 3451 qui
1382 3388 1435 3431 ex-

327 3487 423 3540 terna
449 3476 537 3539 bella
564 3482 749 3555 gesserunt,
774 3474 863 3555 quod
891 3474 971 3535 mihi
999 3493 1075 3535 cum
1099 3475 1140 3535 iis
1164 3473 1345 3535 vivendum
1372 3483 1432 3548 est,

222 3607 224 3610 ⁴
290 3590 412 3664 20ques
432 3590 551 3642 viciae
570 3579 697 3660 subegi,
718 3579 765 3641 illi
786 3580 899 3641 hostes
922 3587 980 3639 aut
1001 3578 1196 3640 interfectos
1218 3587 1276 3640 aut
1297 3597 1434 3658 oppres-

331 3694 384 3749 ses
419 3686 631 3766 reliquerunt,
661 3693 808 3746 vestrum
844 3691 904 3757 est,
937 3681 1094 3763 Quirites,
1127 3691 1155 3744 si
1189 3688 1307 3761 ceteris
1342 3682 1434 3743 iacta

330 3811 391 3853 sua
412 3797 501 3852 recte
522 3797 670 3870 presunt,
694 3787 774 3849 mihi
798 3806 874 3848 mea
894 3793 937 3847 ne
958 3785 1093 3868 quande
1113 3784 1225 3847 obsint
1246 3785 1430 3866 previdere.

332 3896 465 3957 Mentes
482 3894 570 3957 enim
588 3892 757 3955 hominum
774 3889 1067 3953 audecissimerum
1085 3889 1267 3951 sceleritae
1285 3908 1324 3950 ac
1343 3889 1434 3952 nefa-

330 4001 399 4067 riae
415 4007 457 4067 ne
473 3999 566 4065 vobis
582 4004 702 4061 nocere
718 4004 858 4084 possent
873 4014 935 4077 ego
955 3993 1102 4076 previdi3
1126 4000 1170 4055 ne
1189 3991 1271 4054 mihi
1289 4002 1433 4055 noceant
