3375 4775
503 556 660 607 ORATION
683 558 752 607 FOR
773 558 849 607 THE
873 559 961 607 POET
984 559 1140 608 ARCHIAS
1318 562 1374 629 195

271 732 521 795 damnationem
532 731 702 795 calamitas
715 752 848 795 omnem
861 733 1048 795 tabularum
1062 733 1161 795 iidem
1172 733 1376 815 resignasset

268 836 491 911 -MetelluS,
509 837 609 899 homo
625 838 853 899 sanctissimus
871 836 1200 919 modestissimusque
1217 839 1373 914 omnium,

270 949 365 1001 tanta
388 940 561 1021 diligentia
585 940 648 1002 fuit
670 949 707 1002 ut
730 940 773 1002 ad
798 940 835 1002 L.
863 940 1042 1002 Lentulum
1067 949 1253 1022 praetorem
1276 951 1311 1004 et
1333 943 1375 1004 ad

269 1044 398 1106 iudices
421 1045 549 1107 venerit
572 1053 605 1106 et
628 1044 726 1106 unius
741 1045 885 1107 nominis
910 1044 1007 1106 litura
1023 1065 1058 1106 se
1075 1055 1277 1108 commotum
1302 1066 1376 1109 esse

271 1148 399 1211 dixerit.
448 1148 512 1210 His
539 1148 641 1228 igitur
662 1148 696 1210 in
720 1148 841 1211 tabulis
866 1149 991 1210 nullam
1014 1149 1146 1211 lituram
1176 1149 1211 1211 in
1241 1149 1375 1213 nomine
1399 1173 1410 1222 5

270 1252 314 1314 A.
337 1251 446 1314 Licini
464 1252 591 1315 videtis.

315 1355 413 1438 Quae
429 1376 505 1418 cum
520 1357 566 1418 ita
582 1356 657 1432 sint,
675 1356 753 1438 quid
777 1366 828 1419 est
849 1357 937 1438 quod
957 1357 999 1419 de
1015 1357 1085 1419 eius
1102 1358 1234 1420 civitate
1250 1357 1377 1420 dubite-

269 1460 322 1533 tis,
340 1460 537 1541 praesertim
552 1480 626 1522 cum
645 1462 716 1522 aliis
733 1481 866 1542 quoque
882 1461 915 1523 in
933 1461 1120 1523 civitatibus
1136 1461 1236 1523 fuerit
1255 1463 1376 1543 ascrip-

269 1564 347 1626 tus?
395 1564 529 1627 Etenim
553 1584 629 1626 cum
660 1564 880 1627 mediocribus
904 1565 1015 1626 multis
1045 1575 1078 1627 et
1109 1575 1167 1627 aut
1197 1565 1289 1627 nulla
1318 1574 1376 1627 aut

270 1668 389 1730 humili
412 1667 522 1749 aliqua
545 1678 615 1730 arte
640 1669 797 1749 praeditis
820 1668 966 1749 gratuito
987 1669 1154 1731 civitatem
1177 1669 1211 1730 in
1236 1669 1375 1732 Graecia
1386 1695 1413 1726 10

270 1773 425 1834 homines
454 1771 700 1853 impertiebant,
727 1772 875 1853 Reginos
898 1772 996 1835 credo
1027 1782 1084 1834 aut
1109 1774 1294 1835 Locrenses
1318 1783 1375 1834 aut

272 1875 516 1957 Neapolitanos
546 1884 603 1937 aut
640 1877 850 1951 Tarentinos,
883 1876 973 1957 quod
1004 1876 1165 1939 scaenicis
1195 1876 1375 1939 artificibus

271 1980 385 2061 largiri
416 1979 576 2055 solebant,
609 1979 642 2041 id
673 1981 750 2042 huic
781 2001 911 2043 summa
940 1981 1067 2061 ingenii
1094 1981 1243 2061 praedito
1270 1980 1376 2061 gloria

270 2084 437 2146 noluisse!
484 2082 595 2165 Quid?
643 2084 753 2147 Ceteri
775 2104 844 2146 non
861 2085 959 2147 modo
976 2094 1052 2165 post
1067 2083 1234 2146 civitatem
1251 2084 1373 2158 datam,

270 2188 330 2250 sed
354 2188 454 2250 etiam
473 2197 551 2269 post
574 2187 682 2269 legem
700 2189 835 2268 Papiam
853 2188 962 2269 aliquo
978 2188 1077 2250 modo
1092 2188 1126 2249 in
1142 2208 1256 2250 eorum
1273 2187 1410 2261 muni-13

270 2291 433 2372 cipiorum
456 2291 587 2354 tabulas
609 2293 839 2373 inrepserunt;
870 2292 924 2354 hic
948 2291 1004 2373 qui
1034 2311 1077 2354 ne
1108 2292 1210 2352 utitur
1240 2290 1373 2373 quidem

269 2395 334 2458 illis
358 2395 392 2457 in
415 2396 534 2479 quibus
558 2405 610 2458 est
632 2396 784 2477 scriptus,
802 2397 891 2478 quod
916 2416 1048 2478 semper
1066 2417 1102 2459 se
1121 2395 1373 2458 Heracliensem

269 2521 345 2562 esse
361 2500 474 2576 voluit,
492 2501 666 2563 reicietur?

315 2604 445 2668 Census
475 2613 607 2666 nostros
630 2604 779 2686 requiris
828 2605 980 2680 Scilicet;
1005 2615 1057 2668 est
1084 2604 1171 2668 enim
1196 2604 1375 2667 obscurum

268 2707 428 2789 proximis
450 2709 644 2771 censoribus
667 2709 757 2771 hunc
781 2719 856 2771 cum
884 2710 1066 2772 clarissimo
1097 2711 1307 2788 imperatore,
1334 2707 1413 2770 L.20

272 2812 423 2888 Lucullo,
440 2813 530 2893 apud
554 2814 734 2876 exercitum
757 2814 863 2875 fuisse
876 2835 883 2889 ;
909 2813 1134 2894 superioribus
1157 2832 1232 2874 eum
1256 2811 1373 2874 eodem

269 2898 448 2997 quaestore
470 2917 575 2979 fuisse
598 2917 632 2978 in
657 2917 761 2991 Asia;
786 2916 910 2999 primis
930 2917 1016 2979 lulio
1039 2926 1072 2978 et
1097 2917 1228 2991 Crasso
1249 2915 1373 2977 nullam

269 3020 387 3101 populi
410 3031 538 3101 partem
561 3041 635 3085 esse
658 3041 802 3083 censam.
852 3021 1138 3102 Sed—quoniam
1162 3039 1282 3081 census
1306 3040 1372 3081 non

268 3123 321 3187 ius
345 3123 487 3186 civitatis
508 3124 681 3186 confirmat
703 3144 742 3186 ac
765 3134 895 3187 tantum
914 3125 1012 3186 modo
1028 3124 1152 3186 indicat
1167 3144 1242 3186 eum
1259 3122 1316 3204 qui
1332 3124 1375 3185 sit

269 3247 391 3290 census
413 3226 460 3290 ita
479 3247 515 3290 se
535 3229 601 3290 iam
621 3237 692 3290 tum
712 3228 856 3308 gessisse
880 3249 939 3309 pro
961 3228 1134 3290 cive—iis
1157 3226 1372 3307 temporibus
1384 3248 1410 3297 25

269 3351 369 3413 quem
401 3341 437 3393 tu
467 3331 649 3394 criminaris
680 3353 722 3394 ne
752 3332 856 3411 ipsius
881 3333 1014 3412 quidem
1045 3331 1165 3393 iudicio
1188 3332 1222 3392 in
1253 3330 1373 3393 civium

271 3437 500 3498 Romanorum
523 3435 593 3498 iure
624 3456 697 3498 esse
728 3445 903 3508 versatum,
935 3445 969 3498 et
1006 3444 1242 3498 testamentum
1273 3454 1373 3514 saepe

269 3539 350 3602 fecit
365 3538 488 3602 nostris
501 3539 630 3620 legibus
647 3550 680 3602 et
696 3539 776 3600 adiit
788 3539 990 3602 hereditates
1007 3540 1126 3601 civium
1145 3540 1373 3601 Romanorum

268 3654 301 3708 et
321 3645 354 3707 in
380 3642 553 3707 beneficiis
576 3643 618 3705 ad
642 3644 806 3706 aerarium
822 3644 952 3705 delatus
974 3653 1026 3705 est
1046 3663 1066 3704 a
1087 3644 1124 3704 L.
1149 3642 1289 3705 Lucullo
1313 3661 1373 3722 pro

268 3749 415 3812 consule.
1383 3768 1411 3814 30

309 3853 449 3936 Quaere
472 3862 678 3931 argumenta,
703 3851 730 3913 si
754 3871 839 3932 quae
864 3861 977 3931 potes3
1002 3870 1184 3931 numquam
1208 3836 1296 3940 enim
1321 3847 1374 3910 hic

266 3976 375 4040 neque
392 3976 456 4018 suo
473 3973 582 4036 neque
598 3955 779 4017 amicorum
796 3955 918 4017 iudicio
935 3954 1129 4016 revincetur.
