3375 4775
479 571 639 622 ORATION
662 571 732 621 FOR
752 571 828 620 THE
851 571 1033 621 MANILIAN
1056 571 1136 622 LAW
1300 573 1357 642 175

252 747 367 810 hostes
391 754 508 810 omnes
533 745 679 809 omnium
704 766 866 827 generum
890 746 1132 810 senctissimam
1159 746 1359 810 iudicerint?

255 850 478 913 Humenitete
508 852 574 913 iam
606 857 700 912 tante
730 860 790 926 est,
822 860 859 913 ut
889 850 1023 914 difficile
1053 852 1144 914 dicte
1176 851 1218 913 sit
1248 860 1358 913 utrum

252 956 367 1018 hostes
390 955 498 1036 magis
520 953 675 1016 virtutem
700 954 771 1016 eius
794 957 986 1036 pugnantes
1009 954 1181 1018 timuerint
1204 976 1246 1017 an
1270 962 1360 1017 men·

253 1059 466 1121 suetudinem
488 1059 568 1121 victi
589 1057 773 1120 dilexerint.
821 1059 866 1120 Et
888 1059 1064 1140 quisquam
1088 1058 1252 1121 dubitebit
1279 1068 1357 1140 quin

252 1164 330 1225 huic
347 1163 411 1225 hec
427 1170 558 1225 tantum
577 1161 701 1225 bellum
723 1162 1017 1225 transmittendum
1038 1164 1088 1238 sit,
1107 1172 1164 1244 qui
1184 1162 1227 1225 ad
1248 1163 1358 1225 omnia
1382 1186 1392 1233 5

252 1276 389 1329 nostrae
407 1267 588 1329 memoriae
606 1265 695 1328 bella
710 1266 918 1329 cenficienda
934 1265 1046 1329 divine
1061 1266 1205 1348 quedam
1222 1265 1359 1329 censilie

251 1378 353 1433 natus
369 1390 443 1433 esse
459 1370 633 1434 videetur?

255 1623 371 1687 Third
394 1622 629 1708 qualification,
653 1624 842 1688 auctoritas
898 1624 1073 1706 Pompey's
1094 1623 1241 1706 prestige
1270 1643 1309 1685 as
1338 1644 1360 1686 a

563 1728 774 1793 commander
794 1728 824 1789 is
847 1750 924 1809 very
940 1737 1045 1810 great.

300 1908 352 1971 15.
385 1891 430 1955 Et
444 1892 601 1974 quoniam
618 1891 797 1954 aucterites
813 1911 946 1973 quoque
962 1892 996 1954 in
1015 1891 1111 1954 bellis
1130 1890 1361 1954 administran-

251 1996 307 2059 dis
330 1995 473 2059 multum
496 2006 596 2078 atque
619 1997 654 2057 in
678 1996 819 2077 imperie
841 1995 975 2057 militeri
996 1995 1094 2071 valet,
1120 2002 1209 2058 certe
1235 1996 1361 2057 nemini

252 2100 395 2164 dubium
412 2110 464 2163 est
487 2109 567 2181 quin
588 2106 629 2162 ea
650 2107 685 2161 re
703 2100 792 2161 idem
812 2099 868 2162 ille
889 2098 1070 2181 imperetor
1086 2098 1266 2181 plurimum
1288 2119 1398 2180 pos-10

252 2204 307 2268 sit.
353 2204 581 2268 Vehementer
599 2214 710 2266 autem
735 2202 902 2284 pertinere
926 2203 968 2265 ad
989 2203 1077 2266 bella
1097 2202 1360 2265 administranda

251 2308 336 2392 quid
357 2302 480 2383 hostes,
498 2302 578 2391 quid
600 2308 681 2370 socii
701 2308 743 2369 de
764 2306 1018 2389 imperateribus
1035 2315 1156 2369 nostris
1173 2305 1360 2368 existiment

252 2414 331 2497 quis
345 2420 488 2494 ignerat,
506 2432 582 2475 cum
604 2415 747 2475 sciemus
769 2412 930 2486 homines,
948 2411 982 2474 in
1004 2420 1105 2473 tantis
1126 2411 1226 2474 rebus
1246 2419 1282 2473 ut
1304 2418 1361 2472 aut

252 2525 559 2581 contemnantaut-
578 2525 730 2579 metuant
751 2524 809 2578 aut
831 2515 962 2578 ederint
983 2523 1040 2577 aut
1061 2523 1182 2589 ament,
1204 2515 1360 2595 opiniene

252 2629 324 2684 nen
341 2621 450 2684 minus
466 2630 501 2683 et
515 2621 607 2683 ieme
623 2640 723 2702 quam
744 2619 856 2702 alique
877 2621 1005 2683 ratiene
1026 2625 1116 2682 certe
1138 2617 1397 2694 commoveri?15

253 2725 357 2808 Quod
368 2726 471 2808 igitur
485 2733 608 2788 nemen
630 2744 788 2806 umquam
809 2725 843 2786 in
863 2723 943 2787 orbe
959 2731 1121 2787 terrerum
1138 2723 1258 2785 clarius
1273 2721 1359 2784 fuit?

252 2830 362 2894 Cuius
387 2836 442 2892 res
468 2838 585 2910 gestae
611 2828 731 2913 pares?
779 2829 832 2891 De
860 2836 926 2910 que
952 2829 1087 2890 homine
1113 2835 1182 2902 νόε,
1211 2826 1244 2888 id
1271 2825 1360 2908 quod

253 2935 400 2996 maixime
421 2933 503 2996 facit
523 2934 764 3009 aucteritetem
786 2942 881 2996 tanta
901 2942 935 2994 et
955 2941 1024 2995 tam
1047 2931 1218 3013 praeelera
1240 2929 1361 2992 iudicia

253 3036 407 3102 fecistis?
452 3038 510 3100 An
526 3045 605 3100 vere
621 3038 722 3100 ullam
739 3045 880 3119 usquam
897 3056 971 3099 esse
992 3044 1083 3098 eram
1105 3044 1172 3097 tam
1195 3035 1359 3096 desertam

255 3144 393 3225 putetis,
410 3148 477 3224 que
497 3150 564 3204 nen
584 3142 671 3204 illius
688 3141 752 3203 diei
767 3142 859 3203 ferna
878 3141 1071 3223 perveserit,
1089 3159 1164 3201 cum
1187 3139 1400 3200 finiversuszo
1455 3164 1459 3173 ·

254 3247 402 3330 populus
439 3247 620 3321 Remenus,
661 3246 785 3309 referte
821 3245 895 3307 fore
932 3243 1172 3324 completisque
1206 3241 1361 3304 omnibus

254 3351 400 3434 templis,
428 3370 469 3413 ex
496 3348 616 3432 quibus
642 3351 697 3412 hic
725 3350 816 3412 locus
843 3350 993 3430 censpici
1019 3355 1139 3429 potest,
1169 3354 1271 3408 tinum
1299 3346 1361 3408 sibi

254 3457 297 3519 ad
316 3446 495 3519 Commune
514 3452 663 3517 omnium
685 3453 836 3536 gentium
859 3452 983 3516 bellum
1005 3453 1064 3516 Cn.
1089 3451 1283 3531 Pompeium
1304 3449 1361 3512 im-

255 3568 445 3643 pererterem
465 3558 683 3640 depopescit?
731 3559 858 3640 Itaque,
876 3567 913 3620 ut
932 3558 1028 3639 plura
1044 3563 1110 3618 nen
1127 3555 1235 3617 dicam
1251 3574 1360 3635 neque

255 3665 395 3728 alierum
418 3662 579 3744 exemplis
600 3663 797 3725 cenfirmem
818 3671 980 3744 quantum
1002 3661 1181 3723 aucterites
1196 3658 1305 3720 valeat
1326 3659 1359 3719 in
1371 3688 1397 3736 25

254 3768 350 3845 belle,
372 3766 416 3830 ab
438 3767 554 3830 eedem
581 3767 641 3830 Cn.
666 3767 825 3846 Pompeii>
847 3766 995 3828 omnium
1019 3771 1128 3825 rerum
1152 3762 1360 3843 egregierum

254 3871 411 3955 exempla
442 3876 633 3945 semantur;
666 3878 723 3951 qui
749 3877 815 3950 que
842 3869 895 3930 die
919 3867 1055 3929 evehis
1082 3867 1247 3928 maritime
1273 3865 1361 3928 belle

255 3975 469 4062 praepositus
496 3983 549 4037 est
573 3974 763 4056 impereton
787 3981 883 4036 tanta
909 3980 1048 4054 repente
1071 3969 1179 4032 vilitis
1208 3976 1361 4032 annenae
