3375 4775
526 586 683 637 ORATION
705 586 775 637 FOR
795 587 871 635 THE
894 587 982 636 POET
1004 587 1159 637 ARCHIAS
1332 595 1390 642 201

292 783 458 826 marmore
471 783 479 838 ;
504 760 598 825 cuius
628 760 781 824 laudibus
811 771 902 825 certe
933 782 1000 824 non
1024 762 1131 825 solum
1155 760 1227 844 ipse
1250 761 1306 846 qui
1328 762 1395 826 lau·

293 867 399 941 datur,
416 865 477 928 sed
498 866 599 928 etiam
622 864 738 946 populi
762 866 905 927 Romani
928 885 1050 928 nomen
1074 875 1218 928 ornatur.
1267 867 1308 928 In
1324 886 1395 929 cae-

294 970 362 1032 lum
386 969 486 1032 huius
510 989 654 1050 proavus
681 969 765 1033 Cato
791 967 934 1044 tollitur;
975 988 1116 1049 magnus
1148 970 1253 1033 honos
1281 969 1395 1052 populi

296 1074 441 1137 Romani
467 1073 567 1135 rebus
598 1072 798 1153 adiungitur.
847 1071 975 1135 Omnes
1006 1072 1147 1154 denique
1174 1073 1221 1135 illi
1246 1073 1393 1149 Maximi,

295 1176 457 1251 Marcelli,
472 1175 581 1238 Fulvii
603 1195 671 1237 non
692 1174 764 1237 sine
780 1176 949 1239 communi
965 1175 1113 1238 omnium
1128 1185 1279 1240 nostrum
1296 1177 1394 1240 laude
1416 1205 1427 1253 5

240 1311 243 1318 ·
294 1281 503 1343 decorantur.

294 1542 365 1606 Bnt
385 1541 529 1604 Archias
552 1540 666 1603 writes
691 1540 726 1603 in
752 1540 880 1615 Greeh,·
911 1541 965 1604 all
983 1541 1035 1604 the
1057 1541 1179 1619 hatten
1206 1543 1399 1605 Alexander

340 1646 556 1727 longedfona
570 1644 705 1707 Homer.
741 1644 838 1706 Sonee
853 1645 895 1726 of
903 1665 966 1706 one
972 1646 1124 1727 generals
1138 1646 1211 1708 and
1221 1657 1394 1708 statesnaen

340 1749 455 1812 would
471 1748 556 1810 have
578 1748 720 1810 honored
731 1748 873 1809 Archias
889 1746 970 1809 with
996 1748 1197 1830 citizenship,
1216 1748 1250 1830 if
1267 1749 1307 1810 he
1328 1750 1399 1812 had

338 1862 396 1916 not
415 1852 551 1933 already
572 1850 647 1914 been
669 1872 690 1913 a
712 1850 837 1914 citizen.

342 2035 388 2079 10.
422 2015 513 2096 Ergo
537 2013 639 2089 illum,
670 2015 727 2095 qui
761 2015 844 2077 haec
872 2014 1006 2088 fecerat,
1033 2014 1202 2077 Rudinum
1226 2016 1394 2077 hominem

296 2119 438 2182 maiores
461 2118 567 2181 nostri
591 2118 625 2180 in
652 2118 820 2188 civitatem
852 2126 1067 2198 receperunt;
1100 2137 1161 2179 nos
1185 2119 1274 2179 hunc
1292 2119 1395 2180 Hera-

295 2224 453 2286 cliensem
471 2222 583 2284 multis
598 2220 784 2284 civitatibus
800 2223 992 2301 expetitum,
1010 2220 1043 2282 in
1060 2221 1122 2283 hac
1138 2229 1248 2283 autem
1265 2220 1394 2302 legibus
1405 2251 1431 2283 10

296 2326 513 2390 constitutum
528 2324 571 2386 de
586 2332 701 2390 nostra
717 2323 850 2386 civitate
868 2324 1047 2388 eiciemus?
1136 2333 1139 2338 '

340 2430 429 2492 Nam
456 2427 485 2492 si
507 2427 581 2511 quis
604 2428 764 2491 minorem
786 2428 911 2508 gloriae
930 2429 1074 2491 fructum
1092 2438 1187 2510 putat
1202 2449 1243 2492 ex
1259 2429 1394 2493 Graecis

296 2532 447 2597 versibus
466 2531 593 2614 percipi
611 2551 710 2615 quam
731 2552 772 2594 ex
792 2531 931 2607 Latinis,
948 2532 1164 2595 vehementer
1185 2542 1282 2608 errat,
1299 2553 1396 2614 prop·

297 2647 389 2701 terea
406 2637 495 2719 quod
511 2637 640 2701 Graeca
655 2638 811 2719 leguntur
826 2639 861 2700 in
885 2637 1038 2699 omnibus
1059 2637 1131 2700 fere
1152 2636 1316 2717 gentibus,
1336 2636 1398 2696 La-

297 2741 367 2802 tina
384 2741 452 2802 suis
474 2739 594 2802 finibus
610 2739 738 2821 exiguis
762 2760 843 2803 sane
867 2739 1088 2802 continentur.
1136 2739 1213 2820 Qua
1235 2759 1280 2813 re,
1294 2727 1328 2799 si'
1344 2756 1396 2798 res
1408 2757 1433 2806 ις

298 2861 358 2905 eae
390 2860 473 2923 quas
507 2839 671 2921 gessimus
706 2839 795 2903 orbis
828 2848 936 2902 terrae
963 2839 1155 2921 regionibus
1185 2840 1395 2917 deliniuntur,

298 2965 422 3027 cupere
443 2943 612 3018 debemus
630 2963 696 3025 quo
712 2963 870 3005 manuum
887 2952 1072 3005 nostrarum
1090 2944 1158 3006 tela
1174 2945 1395 3026 pervenerint,

298 3049 417 3112 eodem
433 3048 573 3129 gloriam
588 3048 781 3130 famamque
798 3058 983 3129 penetrare,
1001 3048 1089 3128 quod
1107 3067 1181 3109 cum
1198 3047 1279 3128 ipsis
1295 3067 1397 3129 popu-

299 3151 337 3214 lis
361 3152 404 3216 de
427 3146 567 3234 quorum
590 3152 688 3216 rebus
712 3151 865 3214 scribitur
891 3153 973 3214 haec
1005 3152 1116 3233 ampla
1146 3161 1232 3227 sunt,
1256 3160 1326 3214 tum
1357 3151 1396 3214 iis

298 3265 389 3319 certe
408 3256 465 3337 qui
485 3255 528 3318 de
547 3254 617 3317 vita
635 3255 760 3336 gloriae
783 3275 884 3318 causa
906 3255 1065 3318 dimicant
1085 3255 1148 3318 hoc
1170 3257 1347 3317 maximum
1364 3265 1397 3317 et
1406 3285 1435 3316 20

298 3359 520 3442 periculorum
536 3359 787 3422 incitamentum
810 3368 862 3422 est
884 3369 918 3422 et
937 3359 1094 3422 laborum.
1142 3359 1250 3441 Quam
1276 3359 1397 3422 multos

298 3462 477 3545 scriptores
507 3482 617 3525 rerum
648 3483 781 3525 suarum
813 3483 954 3544 magnus
984 3463 1039 3526 ille
1070 3462 1261 3526 Alexander
1285 3482 1397 3526 secum

298 3567 455 3630 habuisse
470 3566 607 3630 dicitur!
632 3567 746 3649 Atque
759 3566 787 3629 is
802 3577 924 3641 tamen,
943 3587 1017 3629 cum
1031 3567 1064 3629 in
1082 3567 1182 3648 Sigeo
1198 3567 1240 3629 ad
1256 3567 1398 3630 Achillis

298 3672 465 3734 tumulum
502 3671 680 3734 astitisset:
720 3671 769 3735 ‘O
793 3671 982 3745 fortunate,'
1019 3670 1134 3753 inquit,
1173 3671 1397 3746 ‘adulescens

298 3777 356 3858 qui
384 3785 463 3839 tuae
492 3774 622 3838 virtutis
654 3775 840 3838 Homerum
873 3795 1070 3855 praeconem
1102 3774 1307 3837 invenerisl'
1355 3774 1398 3836 Et
1408 3799 1434 3848 ²5

298 3900 385 3944 vere.
444 3879 543 3953 Nam,
567 3878 630 3941 nisi
659 3878 738 3940 Ilias
762 3878 818 3940 illa
845 3878 1032 3952 exstitisset,
1056 3879 1144 3940 idem
1171 3877 1316 3940 tumulus
1343 3878 1399 3959 qui

299 4003 420 4066 corpus
448 3981 520 4046 eius
546 3991 738 4047 contexerat
764 4001 887 4046 nomen
918 3981 1018 4044 etiam
1045 3980 1216 4046 obruisset.
1286 3980 1399 4064 Quid?
