3375 4775
338 568 382 635 94
693 558 871 611 ORATIONS
894 559 939 610 OF
962 558 1089 610 CICERO

339 738 471 800 stetisse
486 736 522 798 in
538 735 672 799 comitie
687 754 763 797 cum
779 733 856 809 tele,
871 753 1005 796 manum
1018 735 1192 798 censulum
1205 744 1239 798 et
1256 736 1446 817 principum

339 840 480 904 civitetis
497 838 800 901 interficienddrum
821 845 922 899 cause
943 838 1122 918 paravisse,
1140 840 1258 901 sceleri
1277 859 1317 901 ac
1341 839 1448 902 furer}

339 953 397 1007 tue
412 953 479 1007 nen
496 952 641 1007 mentem
659 943 803 1023 aliquam
825 953 883 1005 aut
902 942 1053 1005 timerem
1072 953 1166 1005 tuum
1190 944 1249 1005 sed
1273 943 1446 1006 fortunam

340 1049 455 1131 populi
486 1048 629 1109 Remini
659 1046 849 1109 obstitisse?
895 1046 948 1108 Ac
974 1046 1040 1107 iam
1071 1047 1128 1108 illa
1158 1048 1448 1129 omitte-neque

318 1152 428 1232 5enim
448 1161 527 1214 sunt
546 1160 604 1213 aut
624 1149 766 1213 obscdra
787 1159 845 1211 aut
863 1157 931 1211 nen
951 1150 1054 1212 multa
1073 1150 1251 1213 commissa
1274 1158 1447 1232 postee—

340 1257 493 1338 quotiens
515 1262 551 1317 tu
576 1260 629 1315 me
651 1253 872 1334 designatum,
890 1252 1042 1335 quotiens
1065 1255 1234 1316 censulem
1259 1253 1446 1318 interficere

341 1367 478 1422 cenetus
505 1360 560 1422 es!
607 1358 699 1440 Quot
728 1378 792 1438 ego
818 1364 894 1420 tues
925 1359 1110 1439 petitienes
1137 1359 1183 1421 ita
1213 1358 1383 1422 coniectes
1411 1368 1447 1421 ut

341 1470 436 1525 viteri
452 1482 550 1543 posse
566 1470 633 1524 nen
649 1462 851 1537 viderentur,
869 1469 972 1541 parve
991 1462 1134 1543 quedam
1156 1462 1380 1526 declinetiene
1402 1471 1444 1538 et,

341 1577 376 1629 ut
399 1566 501 1641 aiunt,
526 1586 665 1647 corpore
689 1566 812 1645 effugi!
862 1565 955 1628 Nihil
982 1566 1175 1648 adsequeris
1198 1586 1308 1648 neque
1332 1576 1446 1631 tamen

304 1703 331 1736 ιο
340 1677 453 1734 ceneri
468 1690 507 1732 ac
524 1668 608 1732 velle
624 1668 764 1732 desistis.
812 1669 976 1751 Quotiens
993 1670 1052 1732 tibi
1071 1672 1136 1732 iam
1159 1679 1287 1733 extorta
1309 1679 1361 1734 est
1382 1672 1447 1733 ista

341 1784 410 1837 sica
419 1774 461 1836 de
471 1773 642 1835 manibus!
683 1772 848 1854 Quotiens
860 1774 982 1837 excidit
992 1781 1069 1836 cessi
1082 1775 1192 1856 alique
1204 1784 1238 1836 et
1248 1775 1363 1856 elepsa
1375 1773 1444 1837 est!

342 1878 437 1960 Quae
448 1878 582 1960 quidem
593 1875 712 1958 quibus
723 1876 783 1939 abs
793 1884 826 1939 te
836 1876 964 1939 initieta
975 1887 1077 1940 sacris
1087 1898 1126 1940 ac
1138 1879 1258 1941 deveta
1269 1878 1311 1941 sit
1322 1878 1444 1954 nescie,

340 1982 431 2065 quod
446 2000 521 2045 eam
536 2000 674 2044 necesse
690 1987 789 2063 putas
805 2000 879 2043 esse
895 1980 928 2042 in
945 1982 1090 2045 censulis
1107 2002 1245 2063 corpore
1262 1982 1422 2064 defigere.

342 2246 418 2309 Did
422 2267 489 2329 you
505 2256 577 2310 note
592 2246 646 2309 tlte
661 2245 835 2327 temperes
841 2245 896 2308 tlte
905 2256 1015 2309 senate
1029 2266 1068 2308 as
1076 2267 1144 2327 you
1160 2245 1316 2309 entered?
1361 2245 1450 2308 Your

375 2350 638 2432 sellom-citizens
654 2351 739 2433 sear
752 2371 820 2432 you
828 2377 842 2428 ,·
859 2372 949 2433 your
968 2350 1095 2414 motlrer
1112 2359 1245 2431 country
1261 2350 1360 2432 fears
1379 2368 1446 2432 you

384 2456 454 2518 and
467 2454 541 2538 begs
549 2475 616 2537 you
632 2465 665 2517 to
679 2456 771 2518 leave
784 2454 849 2517 lter.

385 2635 414 2696 7.
448 2619 548 2682 Nunc
572 2627 652 2683 vere
677 2640 762 2703 quae
786 2629 843 2683 tua
868 2630 920 2684 est
950 2621 1014 2683 ista
1040 2620 1131 2684 vita?
1177 2620 1233 2685 Sic
1260 2619 1350 2682 enim
1380 2620 1445 2682 iam

306 2744 331 2792 ις
341 2729 451 2786 tecum
467 2722 592 2804 loquar,
607 2732 674 2786 nen
691 2734 728 2786 ut
743 2724 818 2787 odie
834 2733 1005 2806 permetus
1020 2745 1094 2788 esse
1110 2725 1232 2800 videar,
1247 2732 1313 2806 que
1328 2722 1444 2798 debeo,

342 2826 401 2890 sed
417 2836 453 2889 ut
469 2826 702 2900 misericordie,
720 2848 806 2909 quae
822 2828 881 2890 tibi
898 2829 989 2891 nulla
1005 2829 1152 2891 debetur.
1199 2827 1332 2891 Venisti
1347 2827 1447 2909 paule

341 2939 420 2994 ante
435 2930 469 2993 in
488 2937 650 2994 senetum.
698 2931 782 3013 Quis
803 2938 836 2993 te
856 2952 896 2994 ex
916 2933 977 2994 hec
1001 2939 1095 2994 tante
1118 2930 1308 3014 frequentie
1331 2940 1446 3013 totque

342 3043 407 3098 tuis
424 3045 536 3099 amicis
552 3056 591 3099 ac
607 3037 803 3100 necesseriis
819 3036 996 3100 salfltevit?
1043 3037 1079 3102 Si
1095 3038 1157 3100 hec
1174 3045 1250 3118 post
1273 3035 1445 3099 hominum

342 3139 535 3204 memoriam
559 3139 698 3221 contigit
724 3140 858 3216 nemini,
882 3142 972 3204 vecis
999 3148 1175 3222 exspectes
1200 3138 1444 3213 contumeliam,

304 3263 418 3321 aucum
434 3253 478 3307 sis
494 3243 691 3325 gravissime
703 3244 825 3307 indicio
842 3244 1076 3308 taciturnitatis
1092 3242 1298 3326 oppressus?
1344 3242 1444 3325 Quid,

342 3347 430 3428 quod
444 3347 589 3410 adventet
603 3355 661 3410 tue
673 3348 737 3412 ista
749 3349 906 3412 subsellia
917 3349 1113 3412 vacuefacta
1126 3358 1213 3420 sunt.
1227 3346 1316 3430 quod
1328 3352 1445 3409 omnes

342 3452 542 3525 censuleres,
557 3460 614 3533 qui
628 3451 687 3514 tibi
704 3473 867 3534 persaepe
886 3451 927 3515 ad
949 3453 1086 3517 caedem
1107 3451 1280 3516 censtitt'rtt
1299 3450 1443 3524 fuerunt,

343 3554 441 3616 simul
464 3564 564 3637 atque
585 3555 753 3631 adsedisti,
779 3566 908 3638 partem
935 3558 1032 3619 istam
1060 3556 1294 3620 subsellierum-
1320 3554 1443 3618 nirdam

343 3667 442 3740 atque
457 3658 590 3721 inenem
606 3660 900 3743 reliqueruntque
916 3661 1051 3724 tandem
1067 3661 1178 3723 anime
1193 3659 1254 3722 tibi
1269 3659 1444 3722 ferendum

304 3761 463 3842 ²5puta'1s?
508 3761 604 3826 Servi
620 3763 808 3827 mehercule
831 3774 944 3828 meisi
965 3772 1017 3826 me
1040 3765 1103 3827 iste
1127 3771 1225 3845 pecte
1248 3770 1444 3835 metuerent,

342 3873 378 3926 ut
394 3873 427 3928 te
443 3876 596 3929 metuunt
611 3873 726 3929 omnes
743 3876 832 3931 cives
845 3878 901 3942 tui,
915 3869 1048 3930 domum
1067 3889 1175 3930 meam
1192 3865 1443 3948 relinquendam

343 3976 513 4047 puterem;
537 3977 572 4033 τῦ
597 3969 658 4032 tibi
682 3969 797 4032 urbem
825 3980 891 4033 nen
919 3972 1112 4034 arbitreris?
1160 3972 1203 4032 Et
1231 3980 1259 4031 si
1286 3977 1339 4031 me
1364 3977 1445 4031 meis
