3375 4775
499 578 657 637 ORATION
680 578 749 637 ior
769 578 845 636 min
868 577 1049 635 MANlLIAN
1071 578 1152 636 mu
1315 582 1370 655 171

268 782 346 825 cum
359 782 467 844 prope
482 760 748 842 inspectantibus
760 760 853 823 vebis
865 759 981 823 classis
997 780 1045 836 ea,
1059 760 1113 823 cui
1128 759 1244 823 censul
1260 758 1375 842 populi

272 866 420 928 Remeni
438 866 649 946 praepositus
669 873 767 940 esset,
785 871 804 926 5
827 863 1053 946 praedenibus
1076 873 1174 945 capta
1196 873 1296 945 atque
1319 884 1375 945 op

271 989 390 1050 pressa
413 968 486 1031 est?
532 968 595 1031 Pie
617 968 652 1031 di
672 968 892 1031 immorteles!
916 977 1089 1031 tantamne
1112 975 1210 1029 tinius
1233 965 1374 1030 hominis

271 1072 476 1137 incredibilis
494 1092 533 1135 ac
557 1073 668 1134 divina
687 1072 793 1135 virtus
813 1081 882 1135 tam
902 1073 995 1135 brevi
1017 1080 1167 1153 tempore
1190 1070 1297 1134 lucem
1321 1070 1374 1133 ad·

272 1177 362 1241 ferre
386 1186 436 1239 rei
460 1176 613 1258 publicae
644 1174 760 1257 potuit,
788 1185 825 1239 ut
850 1183 920 1251 ves,
947 1184 1004 1258 qui
1027 1175 1125 1238 modo
1150 1183 1227 1237 ante
1253 1175 1372 1238 estium
1397 1198 1408 1245 ς

273 1280 469 1344 Tiberinum
485 1279 625 1343 classem
642 1280 788 1342 hostium
803 1278 975 1355 videbitis
992 1279 1015 1341 ii
1033 1298 1121 1341 nunc
1142 1278 1267 1341 nullam
1288 1279 1375 1340 intre

274 1370 404 1449 Oceani
418 1384 540 1447 estium
557 1383 762 1465 praedenum
778 1390 897 1446 nivem
913 1403 988 1446 esse
1003 1381 1170 1445 audietis?

318 1489 434 1571 Atque
449 1489 533 1551 haec
550 1495 614 1569 que
635 1487 803 1551 celeritate
823 1496 920 1569 gesta
940 1486 1007 1550 sint
1029 1506 1228 1568 quamquam
1244 1484 1372 1561 videtis,

272 1603 386 1655 tamen
402 1599 424 1654 e
439 1599 493 1653 me
508 1592 542 1653 in
559 1590 699 1654 dicende
715 1590 957 1672 praetereunda
969 1599 1036 1653 nen
1052 1599 1138 1653 sunt.
1187 1589 1270 1671 Quis
1286 1591 1374 1651 enim

273 1716 432 1778 umquam
463 1704 521 1758 aut
547 1694 692 1757 obeundi
720 1695 847 1776 negetii
875 1704 933 1757 aut
963 1694 1188 1775 censequendi
1218 1700 1374 1775 quaestus
1386 1721 1412 1751 10

273 1800 384 1862 studir')
400 1809 469 1861 tam
485 1799 578 1861 brevi
592 1809 743 1880 tempore
759 1809 808 1862 tot
823 1799 897 1861 loca
916 1799 1017 1873 adire,
1033 1806 1144 1861 tantes
1163 1804 1279 1860 cursus
1301 1805 1375 1859 cen-

272 1904 372 1966 licere
392 1903 510 1985 potuit,
528 1923 628 1984 quam
649 1903 801 1966 celeriter
824 1904 884 1968 Cn.
904 1902 1062 1982 Pompeis>
1084 1902 1168 1964 duce
1191 1910 1276 1963 tanti
1297 1899 1376 1964 belli

271 2009 420 2087 impetus
443 2005 634 2086 nevigevit?
681 2004 749 2087 Qui
767 2006 914 2069 nondum
934 2013 1132 2086 tempestive
1155 2004 1197 2066 ad
1220 2005 1375 2084 navigan-

270 2111 353 2172 dum
371 2119 455 2171 mari
474 2109 619 2173 Siciliam
635 2110 725 2186 adiit,
742 2097 895 2172 abfricam
917 2109 1109 2190 explerevit,
1129 2108 1162 2170 in
1188 2107 1374 2171 Sardiniam

271 2234 350 2277 cum
370 2214 477 2275 classe
495 2212 587 2275 venit
605 2223 704 2296 atque
725 2214 808 2277 haec
831 2213 895 2276 tria
917 2212 1136 2276 frumenteria
1159 2211 1306 2274 subsidia
1329 2220 1411 2284 rei15

271 2317 429 2402 publicae
445 2316 644 2379 firmissimis
660 2317 832 2400 praesidiis
850 2317 1077 2400 classibusque
1096 2316 1243 2377 munivit.
1292 2314 1375 2376 Inde

272 2442 351 2486 cum
375 2429 411 2484 se
433 2421 468 2483 in
492 2405 622 2484 ltaliam
646 2422 835 2503 recepisset,
860 2421 989 2484 duribus
1014 2420 1187 2503 Hispa'miis
1210 2430 1243 2483 et
1268 2419 1375 2483 Gallie

271 2526 498 2607 Trensalpine
521 2525 693 2606 praesidiis
718 2546 756 2588 ac
780 2525 919 2588 nivibus
940 2526 1146 2600 cenlirmzite,
1164 2525 1272 2586 missis
1295 2524 1374 2585 item

271 2630 309 2693 in
325 2636 418 2692 eram
436 2616 560 2714 lllyrici
575 2631 675 2692 maris
691 2639 725 2692 et
744 2630 779 2691 in
795 2630 960 2692 Achaiam
980 2648 1178 2710 omnemque
1201 2626 1374 2690 Graeciam

271 2731 427 2808 navibus,
452 2719 569 2796 ltaliae
592 2732 658 2796 duo
682 2733 784 2796 maria
807 2734 957 2796 meximis
980 2732 1142 2797 classibus
1165 2732 1413 2794 firmissimis-20

272 2857 341 2919 que
357 2836 530 2918 praesidiis
545 2836 726 2913 adernivit,
743 2839 815 2918 ipse
831 2848 942 2900 autem
958 2847 996 2901 ut
1013 2836 1189 2899 Brundisie
1205 2835 1375 2916 profectus

272 2950 336 3016 est,
368 2940 734 3022 undequinquegesime
762 2942 816 3005 die
848 2951 952 3004 tetam
983 2941 1025 3004 ad
1056 2939 1230 3020 imperium
1261 2937 1376 3019 populi

275 3046 423 3108 Remini
448 3044 598 3108 Ciliciam
621 3044 787 3122 adiunxit;
815 3053 940 3121 omnes,
965 3055 1022 3127 qui
1044 3045 1166 3127 ubique
1189 3041 1375 3123 praedenes

274 3150 421 3224 fuerunt,
439 3150 560 3230 partim
577 3159 666 3231 capti
681 3150 914 3231 interfectique
930 3158 1015 3224 sunt,
1031 3148 1151 3230 partim
1164 3155 1261 3209 unius
1278 3146 1375 3207 huius

274 3257 312 3316 se
324 3253 465 3334 imperiti
480 3272 519 3316 ac
536 3260 692 3334 potestati
707 3253 914 3317 dediderunt.
956 3237 1049 3316 idem
1063 3251 1285 3325 Cretensibus,
1300 3270 1374 3312 cum
1385 3276 1412 3325 ις

245 3415 250 3423 .
275 3357 319 3420 ad
349 3376 426 3420 eum
458 3363 563 3437 usque
594 3355 628 3419 in
660 3357 888 3438 Pamphyliam
920 3357 1047 3437 legites
1078 3355 1376 3437 depreceteresque

276 3460 454 3534 misissent,
473 3478 568 3540 spem
587 3459 763 3522 deditienis
784 3468 851 3522 nen
873 3459 996 3522 ademit
1018 3459 1215 3541 obsidesque
1239 3458 1377 3537 impere-

276 3565 331 3628 vit.
380 3565 435 3626 Ita
450 3571 580 3624 tantum
595 3561 730 3638 bellum,
746 3573 814 3625 tam
831 3563 1033 3638 diriturnum,
1047 3572 1114 3625 tam
1131 3563 1230 3642 longe
1246 3560 1376 3641 liteque

277 3669 475 3751 dispersum,
505 3673 571 3747 que
600 3664 689 3729 belle
714 3674 830 3730 omnes
861 3674 979 3748 gentes
1004 3685 1042 3729 ac
1070 3667 1222 3729 nitienes
1253 3670 1377 3746 preme-

276 3771 406 3847 bantur,
433 3770 494 3834 Cn.
521 3769 698 3851 Pompeius
725 3778 871 3833 extreme
898 3772 1007 3833 hieme
1033 3768 1217 3852 apparavit,
1240 3769 1414 3842 ineunte30

275 3884 350 3941 vere
373 3873 535 3956 suscepit,
560 3875 669 3937 media
691 3882 818 3938 aestate
841 3873 993 3938 centecit.
