3375 4775
337 583 400 646 218
692 593 869 643 omrrrous
893 592 937 640 or
960 590 1087 639 crcrno

336 768 388 832 vel
417 768 557 831 maxime
585 788 663 830 usus
690 788 726 831 es
754 775 920 846 manente,
949 765 1032 828 salvi
1058 784 1132 828 esse
1159 784 1227 826 non
1255 782 1445 845 possumus.

338 874 465 956 Quare
482 892 599 935 omnes
616 882 657 947 te,
671 873 727 953 qui
744 871 826 933 haec
843 870 935 933 salva
951 889 1025 932 esse
1041 869 1205 942 volumus,
1223 879 1257 929 et
1275 868 1448 930 hortamur

337 986 371 1040 et
393 977 607 1040 obsecramus
633 986 668 1038 ut
688 977 775 1037 vitae
800 985 876 1037 tuae
900 983 934 1036 et
957 973 1055 1036 saluti
1077 972 1243 1046 consulas,
1260 990 1447 1053 omnesque

337 1081 405 1156 tibi,
431 1090 467 1143 ut
493 1100 553 1162 pro
580 1080 652 1142 aliis
679 1081 779 1142 etiam
808 1079 933 1160 loquar,
960 1077 1048 1159 quod
1076 1077 1117 1139 de
1146 1095 1199 1137 me
1226 1075 1299 1157 ipse
1327 1075 1446 1148 senti0,

315 1187 494 1267 §quoniam
522 1184 660 1247 subesse
686 1182 811 1265 aliquid
838 1192 938 1265 putas
965 1181 1054 1263 quod
1081 1179 1269 1243 cavendum
1297 1178 1348 1251 sit,
1378 1199 1446 1241 non

338 1290 436 1352 modo
457 1288 613 1352 excubias
634 1297 668 1352 et
688 1287 866 1362 custodias,
889 1286 947 1350 sed
968 1286 1069 1349 etiam
1091 1285 1234 1347 laterum
1257 1292 1446 1346 nostrorum

338 1394 511 1475 oppositus
527 1401 561 1456 et
576 1412 752 1475 corporum
769 1391 972 1474 pollicemur.

748 1622 960 1695 Prnonrrro,
990 1637 1023 1683 11

338 1767 379 1830 In
394 1766 583 1840 conclusion,
605 1765 733 1843 Cacsar,
751 1768 773 1829 Ι
784 1767 886 1848 again
902 1766 1005 1829 tleank
1013 1787 1081 1847 you
1087 1766 1152 1848 for
1157 1787 1249 1847 your
1261 1764 1450 1847 wonderful

543 1870 699 1933 limum
714 1871 786 1933 boile
804 1882 835 1932 to
851 1870 1030 1933 Marcellus
1045 1871 1117 1933 and
1129 1881 1237 1934 tome.

385 2037 433 2080 11.
468 2019 534 2082 Sed
558 2027 594 2079 ut
618 2019 706 2079 unde
730 2026 781 2080 est
804 2037 879 2079 orsa
902 2016 935 2079 in
963 2017 1079 2080 eodem
1108 2017 1306 2079 terminetur
1328 2015 1444 2091 orati0,

339 2123 500 2184 maximas
527 2121 586 2184 tibi
614 2141 730 2185 omnes
758 2123 882 2202 gratias
910 2122 1048 2201 agimus
1075 2121 1111 2185 C.
1141 2120 1275 2195 Caesar,
1302 2120 1446 2182 maiores

304 2228 439 2289 roetiam
456 2226 626 2289 habemus.
676 2227 762 2288 Nam
780 2245 897 2288 omnes
914 2225 1001 2288 idem
1025 2226 1183 2299 sentiunt,
1200 2225 1290 2306 quod
1314 2244 1355 2287 ex
1378 2244 1445 2287 om·

339 2332 428 2393 nium
455 2329 608 2412 precibus
632 2321 665 2393 et
689 2330 831 2393 lacrimis
857 2329 978 2394 sentire
1003 2327 1148 2411 potuisti.
1196 2328 1263 2392 Sed
1281 2328 1444 2411 quianon

339 2444 391 2497 est
421 2435 574 2497 omnibus
605 2435 770 2498 stantibus
802 2455 940 2498 necesse
971 2434 1090 2509 dicere,
1122 2454 1142 2496 a
1173 2453 1227 2497 me
1256 2443 1348 2496 certe
1378 2432 1446 2495 dici

339 2538 463 2613 volunt,
482 2540 534 2600 cui
552 2559 688 2602 necesse
705 2549 756 2601 est
771 2539 916 2620 quodam
933 2539 1052 2614 modo;
1077 2547 1111 2602 et
1132 2538 1220 2620 quod
1242 2538 1314 2601 fieri
1334 2539 1443 2614 decet,

341 2643 388 2703 M.
416 2642 575 2705 Marcello
599 2663 618 2704 a
642 2653 674 2705 te
698 2642 774 2705 huic
798 2642 905 2706 ordini
933 2642 1124 2725 populoque
1154 2643 1307 2706 Romano
1334 2653 1368 2706 et
1395 2642 1446 2707 rei

304 2775 329 2821 ¹5
340 2745 493 2827 publicae
519 2747 657 2821 reddito,
685 2746 755 2809 fieri
782 2747 814 2808 id
841 2746 1009 2827 intellego
1059 2747 1147 2810 Nam
1178 2746 1295 2810 laetari
1325 2767 1445 2811 omnes

339 2870 407 2913 non
423 2849 465 2912 de
481 2849 578 2913 unius
596 2851 702 2912 solum
719 2850 777 2912 sed
795 2850 837 2912 de
858 2849 1027 2913 communi
1048 2850 1154 2913 salute
1175 2848 1292 2914 sentio
1341 2850 1444 2933 Quod

340 2962 451 3015 autem
479 2974 628 3016 summae
654 2953 908 3017 benevolentiae
935 2963 994 3030 est,
1023 2974 1108 3036 quae
1136 2974 1210 3017 mea
1237 2975 1319 3036 erga
1348 2956 1444 3018 illum

340 3057 493 3119 omnibus
517 3078 649 3138 semper
670 3069 748 3120 nota
772 3058 845 3134 fuit,
868 3068 904 3121 ut
926 3058 980 3122 vix
1003 3059 1040 3123 C.
1066 3059 1235 3134 Marcello,
1257 3061 1386 3142 optimo
1410 3069 1446 3124 et

340 3160 567 3224 amantissimo
591 3161 694 3234 fratri,
719 3171 852 3242 praeter
872 3181 947 3224 eum
971 3162 1105 3244 quidem
1129 3163 1281 3226 cederem
1307 3163 1444 3240 nemini,

303 3284 415 3326 20cum
442 3265 475 3327 id
503 3265 731 3339 sollicitudine,
761 3286 849 3338 cura,
879 3265 991 3328 labore
1022 3275 1090 3328 tam
1121 3266 1177 3328 diu
1208 3267 1444 3348 praestiterim,

340 3387 438 3448 quam
461 3368 516 3430 diu
537 3379 588 3431 est
606 3369 648 3432 de
665 3369 752 3431 illius
769 3369 874 3432 salute
892 3369 1086 3445 dubitatum,
1104 3380 1194 3433 certe
1212 3371 1273 3433 hoc
1290 3380 1444 3452 tempore

341 3472 471 3552 magnis
498 3474 593 3548 curis,
619 3473 788 3548 molestiis,
813 3473 981 3536 doloribus
1010 3472 1167 3536 liberatus
1196 3483 1366 3554 praestare
1389 3475 1445 3538 de·

339 3573 412 3637 beu.
461 3576 588 3658 Itaque,
612 3577 649 3641 C.
673 3577 805 3652 Caesar,
830 3578 876 3639 sic
899 3576 959 3639 tibi
983 3579 1107 3657 gratias
1131 3597 1205 3658 ago,
1228 3587 1265 3640 ut
1287 3578 1442 3641 omnibus

340 3698 394 3741 me
421 3679 519 3742 rebus
543 3702 563 3742 a
587 3690 619 3744 te
643 3701 708 3743 non
733 3690 930 3744 conservato
954 3682 1071 3756 solum,
1099 3682 1158 3745 sed
1185 3681 1285 3744 etiam
1314 3693 1440 3757 ornato,

303 3809 329 3857 ²5
340 3791 452 3846 tamen
469 3784 510 3846 ad
527 3795 584 3847 tua
601 3785 634 3846 in
651 3805 703 3847 me
721 3805 823 3846 unum
842 3785 1097 3848 innumerabilia
1118 3785 1243 3861 merita,
1261 3786 1351 3868 quod
1372 3787 1440 3849 fieri

339 3887 405 3948 iam
428 3907 527 3968 posse
548 3909 614 3951 non
636 3888 828 3964 arbitrabar,
847 3888 1008 3951 maximus
1029 3889 1092 3952 hoc
1109 3899 1165 3952 tuo
1181 3889 1273 3953 facto
1289 3891 1438 3954 cumulus

340 3994 525 4057 accesserit.
