3375 4775
625 613 783 665 ORATlON
807 614 877 664 FOR
901 614 1067 667 LIGARIUS
1335 622 1399 687 229

292 788 449 864 dubitem,
479 808 556 851 cum
582 787 714 851 videam
745 789 824 870 quid
855 788 1023 852 feceritis?
1070 771 1230 853 Prohibiti
1256 791 1337 853 estis
1363 791 1396 854 in

292 892 462 974 provincia
485 901 599 956 vestra
624 893 744 974 pedem
772 913 906 974 ponere,
932 902 965 956 et
989 893 1145 974 prohibiti
1169 915 1299 957 summa
1322 915 1396 958 cum

292 996 416 1059 iniuria.
467 996 545 1079 Quo
566 997 664 1060 modo
685 996 719 1059 id
740 996 884 1060 tulistis?
931 998 1104 1078 Acceptae
1125 998 1263 1061 iniuriae
1285 1019 1398 1081 quere-

294 1102 356 1163 lam
373 1102 417 1163 ad
429 1121 529 1183 quem
543 1101 730 1164 detulistis?
762 1102 894 1183 Nempe
907 1102 1046 1177 adeum,
1060 1104 1154 1165 cuius
1166 1103 1396 1166 auctoritatem

294 1205 397 1269 secuti
426 1207 462 1267 in
493 1205 684 1269 societatem
715 1204 794 1269 belli
823 1207 999 1269 veneratis.
1055 1206 1154 1288 Quod
1185 1208 1212 1270 si
1244 1207 1397 1270 Caesaris
1422 1233 1432 1280 5

293 1329 393 1373 causa
416 1309 450 1371 in
478 1310 682 1392 provinciam
705 1310 900 1386 veniebatis,
925 1311 967 1373 ad
995 1331 1071 1373 eum
1098 1311 1250 1391 proiecto
1273 1312 1397 1375 exclusi

294 1415 466 1495 provincia
492 1414 676 1477 venissetis
722 1414 872 1478 Venistis
899 1415 941 1476 ad
972 1416 1176 1495 Pompeium.
1223 1416 1320 1498 Quae
1347 1426 1398 1479 est

293 1535 372 1600 ergo
403 1518 495 1599 apud
522 1519 701 1583 Caesarem
724 1519 869 1600 querela,
893 1539 1068 1582 cumeum
1092 1521 1264 1595 accusetis,
1289 1540 1309 1581 a
1332 1541 1397 1603 quo

293 1622 480 1705 queramini
513 1622 697 1704 prohibitos
728 1643 803 1687 esse
831 1643 891 1686 vos
922 1632 1037 1686 contra
1072 1622 1251 1687 Caesarem
1281 1644 1398 1705 gerere

292 1726 440 1791 bellum?
475 1728 589 1810 Atque
604 1728 639 1789 in
655 1729 718 1791 hoc
735 1712 868 1809 quidem
885 1728 938 1791 vel
953 1748 1028 1791 cum
1046 1728 1227 1804 mendacin,
1245 1728 1272 1791 si
1287 1729 1396 1804 vultis
1409 1754 1436 1784 10

293 1831 482 1914 gloriemini
512 1852 572 1914 per
602 1852 655 1895 me
686 1832 770 1908 licet,
801 1852 862 1895 vos
894 1831 1096 1913 provinciam
1127 1832 1231 1895 fuisse
1263 1833 1398 1897 Caesari

292 1937 483 1999 tradituros.
532 1937 642 1999 Etiam
659 1936 720 1999 sia
736 1937 826 2000 Varo
843 1945 911 1999 eta
930 1936 1129 2018 quibusdam
1149 1937 1220 1999 aliis
1241 1936 1399 2019 prohibiti

293 2042 382 2115 estis,
408 2061 472 2122 ego
498 2049 612 2104 tamen
638 2041 822 2104 confitebor
849 2041 981 2121 culpam
1009 2061 1083 2104 esse
1111 2041 1235 2122 Ligari,
1259 2042 1316 2123 qui
1338 2061 1398 2103 vos

293 2154 409 2208 tantae
433 2145 540 2208 laudis
562 2144 736 2209 occasione
760 2144 947 2227 privaverit.

295 2399 379 2461 Nate
407 2399 461 2461 tlze
476 2399 619 2482 fidelity,
643 2421 683 2462 or
703 2400 816 2462 ratlrer
832 2399 989 2480 patience,
1014 2400 1055 2481 af
1077 2398 1198 2461 Tubero
1222 2399 1328 2462 ander
1346 2399 1399 2462 the

448 2513 621 2566 treatment
642 2504 681 2566 lre
703 2503 851 2566 received
859 2505 952 2584 freae
976 2503 1029 2565 leis
1052 2523 1125 2565 oran
1140 2513 1248 2585 party.

339 2686 369 2746 9.
402 2665 470 2730 Sed
499 2665 584 2742 vide,
616 2686 749 2749 quaeso
782 2665 915 2742 Caesar,
947 2666 1168 2729 constantiam
1199 2667 1400 2730 ornatissimi
1411 2696 1435 2743 ις

293 2770 367 2847 viri,
390 2791 489 2852 quam
513 2791 586 2852 eg0,
611 2772 762 2853 quamvis
785 2771 857 2852 ipse
881 2771 1065 2851 probarem,
1090 2781 1126 2833 ut
1150 2771 1264 2850 prob0,
1288 2780 1399 2834 tamen

293 2895 365 2938 non
387 2894 691 2951 commemorarem,
709 2875 772 2937 nisi
793 2896 813 2937 a
833 2885 866 2938 te
888 2875 1119 2955 cognovissem
1141 2875 1174 2936 in
1195 2874 1308 2954 primis
1326 2895 1399 2938 eam

292 2979 454 3042 virtutem
471 2979 577 3043 solere
592 2978 728 3042 laudari.
776 2979 873 3061 Quae
894 2979 958 3041 fuit
979 2979 1079 3060 igitur
1099 2999 1256 3060 umquam
1278 2978 1311 3040 in
1333 2979 1399 3042 ullo

293 3083 432 3146 homine
459 3092 552 3147 tanta
579 3083 788 3147 constantia?
835 3084 1065 3147 Constantiam
1092 3083 1183 3160 dicb3
1219 3083 1331 3146 nescio
1357 3104 1400 3145 an

293 3187 417 3250 melius
434 3187 626 3269 patientiam
646 3188 771 3270 possim
787 3188 906 3251 dicere.
955 3186 1086 3268 Quotus
1103 3188 1191 3249 enim
1207 3188 1295 3250 istud
1317 3187 1438 3269 quis-20

294 3311 364 3374 que
386 3293 535 3367 lecisset,
560 3301 605 3367 ut,
632 3311 653 3354 a
679 3291 798 3373 quibus
821 3293 856 3354 in
883 3291 1089 3354 dissensione
1113 3292 1199 3354 civili
1223 3311 1289 3353 non
1313 3301 1402 3354 esset

295 3404 463 3476 receptus,
481 3405 571 3458 esset
586 3396 685 3458 etiam
702 3415 776 3458 cum
793 3396 989 3458 crudelitate
1005 3396 1155 3471 reiectus,
1174 3395 1214 3457 ad
1237 3415 1294 3457 eos
1311 3395 1400 3476 ipsos

296 3498 444 3562 rediret?
491 3500 610 3580 Magni
630 3500 800 3562 cuiusdam
822 3501 923 3562 animi
946 3510 1045 3582 atque
1066 3501 1136 3563 eius
1158 3499 1218 3562 viri
1239 3519 1338 3581 quem
1360 3500 1402 3561 de

297 3612 456 3685 suscepta
482 3622 584 3666 causa
613 3605 850 3685 propositaque
880 3605 1045 3666 sententia
1071 3603 1162 3666 nulla
1192 3602 1400 3678 contumelia,

298 3707 391 3770 nulla
420 3707 480 3783 viS,
504 3708 631 3770 nullum
662 3707 845 3789 periculum
877 3708 982 3789 possit
1011 3708 1187 3789 depellere.
1235 3709 1285 3772 Ut
1314 3707 1437 3784 enim25

299 3822 411 3876 cetera
427 3811 520 3894 paria
535 3812 704 3876 Tuberoni
725 3832 801 3875 cum
822 3814 913 3876 Varo
936 3811 1087 3886 fuissent,
1106 3813 1220 3886 honos,
1238 3811 1400 3885 nobilitas,

301 3915 468 3998 splendor,
494 3914 674 3997 ingenium,
703 3936 788 3999 quae
815 3935 1027 3997 nequaquam
1054 3916 1198 3991 fuerunt,
1224 3916 1286 3978 hoc
1314 3924 1403 3977 certe

300 4021 520 4104 praecipuum
540 4020 735 4097 Tuberonis,
753 4019 842 4104 quod
862 4021 949 4082 iusto
966 4039 1042 4081 cum
1057 4019 1196 4099 imperio
1212 4039 1253 4082 ex
1268 4028 1404 4082 senatus
