3375 4775
274 590 332 655 142
624 583 801 635 omrrons
822 584 869 636 or
890 586 1018 637 cronno

271 766 324 820 mo
351 768 402 821 est
432 757 574 834 nomini;
611 765 781 840 postramo
811 758 970 823 hesterno
994 760 1047 823 dio
1078 761 1228 843 praemia
1255 760 1377 843 logatis

271 862 492 942 Allobrogum
508 862 650 943 Titoque
666 861 839 925 Volturcio
858 862 997 926 dedistis
1013 864 1229 945 amplissima.
1278 866 1377 948 Quae

273 975 350 1028 sunt
376 964 487 1027 omnia
516 964 587 1027 eius
615 964 705 1027 modi
728 974 764 1027 ut
786 965 809 1026 ii
832 975 888 1048 qui
910 968 944 1028 in
969 967 1154 1030 costodiam
1178 968 1377 1032 nominatim

272 1069 341 1131 dati
360 1078 437 1130 sunt
456 1068 527 1131 sine
549 1068 616 1129 olla
637 1068 843 1135 dubitatione
862 1076 882 1131 a
903 1070 996 1133 vobis
1018 1071 1168 1135 damnati
1190 1092 1266 1136 esse
1288 1074 1378 1137 vide-

251 1182 379 1251 5antur.

319 1276 386 1341 Sed
410 1296 473 1357 ego
495 1277 624 1339 institui
645 1277 770 1341 referre
793 1278 836 1340 ad
859 1286 928 1353 vos,
954 1287 1066 1360 patros
1090 1288 1277 1364 conscripti,
1296 1292 1378 1345 tam-

274 1401 373 1464 quam
397 1381 573 1461 integrum,
591 1389 624 1442 et
640 1380 681 1442 do
697 1381 788 1443 iacto
804 1381 883 1463 quid
900 1382 1053 1446 iodicotis
1069 1394 1103 1447 et
1112 1385 1154 1447 do
1170 1393 1279 1466 poena
1296 1384 1378 1467 quid

275 1484 447 1549 conseatis.
515 1483 578 1545 Illa
615 1484 804 1565 praedicam
843 1505 929 1567 quae
968 1495 1045 1549 sunt
1083 1489 1238 1551 consulis.
1303 1490 1378 1570 Ego

275 1595 434 1669 magnum
457 1586 490 1648 in
514 1594 549 1648 ro
573 1587 706 1667 poblica
729 1595 855 1651 versari
878 1590 1024 1653 furorem
1051 1602 1084 1653 et
1105 1613 1191 1655 nova
1211 1593 1377 1674 quaedam

240 1722 267 1755 10
276 1698 405 1754 miscori
429 1700 462 1752 et
484 1690 642 1752 concitari
664 1691 751 1753 mala
774 1693 840 1753 iam
865 1693 993 1775 pridem
1016 1694 1179 1771 vidobam,
1205 1697 1264 1759 sed
1292 1698 1379 1760 hanc

276 1805 411 1870 tantam,
429 1803 496 1856 tam
514 1794 684 1856 exitiosam
703 1795 818 1858 haberi
833 1798 1128 1862 eoniorationema
1144 1799 1271 1863 civibus
1287 1821 1379 1863 num-

277 1918 376 1982 quam
407 1904 529 1979 putavi.
592 1897 691 1961 Nunc
727 1901 884 1983 quicquid
919 1911 979 1981 est,
1008 1911 1218 1985 quocumque
1248 1913 1380 1968 vestrae

278 2009 405 2066 mentos
423 2001 582 2064 inclinant
600 2011 699 2085 atque
726 2005 920 2081 sententiae,
946 2006 1160 2069 statuendum
1183 2008 1277 2071 vobis
1302 2018 1380 2071 ante

278 2118 409 2171 noctem
426 2117 485 2171 est.
534 2108 705 2190 Quantum
723 2110 855 2172 facinus
878 2109 920 2172 ad
939 2118 998 2172 vos
1022 2110 1168 2173 dolatum
1192 2111 1234 2173 sit
1250 2112 1379 2175 vidotis

243 2241 268 2290 ¹5
281 2215 369 2276 Huic
393 2224 421 2276 si
443 2222 568 2296 paucos
592 2216 715 2295 putatis
740 2214 871 2276 adfines
902 2233 986 2288 esse,
1009 2214 1226 2277 vehementer
1253 2216 1380 2278 erratis.

281 2317 396 2380 Latius
419 2317 575 2401 opinione
599 2318 850 2381 dissominatum
880 2326 932 2379 est
962 2317 1025 2379 hoc
1055 2320 1198 2395 malum;
1235 2320 1383 2382 manavit

279 2432 346 2486 non
370 2425 477 2486 solum
501 2443 561 2504 per
585 2407 725 2494 ltaliam,
742 2430 857 2485 vorum
881 2423 980 2484 etiam
1004 2422 1210 2486 transcendit
1225 2423 1334 2505 Alpos
1349 2433 1384 2486 et

281 2526 420 2589 obscure
451 2534 590 2606 serpons
620 2525 741 2588 multas
773 2525 837 2587 iam
873 2525 1060 2605 provincias
1094 2526 1279 2608 occupavit.
1342 2527 1383 2589 id

281 2631 425 2711 opprimi
448 2629 666 2692 sustentando
689 2638 746 2691 aut
774 2628 971 2710 prolatando
1001 2628 1094 2691 nollo
1121 2637 1221 2711 pacto
1251 2639 1382 2712 potest;

244 2762 273 2796 ιο
282 2740 491 2816 quacumque
510 2732 638 2796 ratione
654 2732 772 2815 placet,
791 2732 942 2795 celeriter
958 2732 1052 2795 vobis
1068 2732 1306 2796 vindicandum
1322 2744 1382 2797 est.

285 2993 425 3059 Silanus
448 3005 600 3078 proposes
632 2992 685 3056 the
709 2992 845 3075 penalty
879 2993 920 3072 of
947 2991 1055 3068 death,
1082 2988 1210 3069 Caesam·
1239 2990 1314 3055 that
1341 2991 1382 3073 eff
1411 3053 1420 3063 ,

631 3096 879 3178 imprisonmenr
890 3096 954 3177 for
974 3095 1041 3178 life.

327 3283 357 3341 4.
389 3262 498 3328 Video
520 3262 603 3324 duas
626 3260 833 3324 adhocesse
857 3258 1050 3332 sententias,
1075 3265 1175 3321 onam
1201 3258 1243 3321 D.
1270 3256 1384 3332 Silani,

285 3376 342 3450 qui
366 3375 480 3430 conset
504 3374 570 3440 eos,
597 3374 654 3446 qui
680 3364 763 3427 haec
790 3363 900 3425 dolore
926 3368 1036 3424 conati
1063 3369 1150 3436 sunt,
1179 3371 1285 3424 morte
1312 3380 1386 3424 esse

286 3471 483 3546 multandos,
498 3471 636 3532 alteram
650 3469 686 3532 C.
699 3466 861 3540 Caesaris,
872 3475 929 3548 qui
942 3464 1057 3527 mortis
1070 3484 1214 3546 poenam
1227 3474 1385 3539 removet,

286 3582 469 3638 coterorum
501 3572 737 3653 suppliciorum
775 3576 891 3632 omnos
929 3567 1127 3631 acerbitates
1166 3568 1385 3650 amplectitur.

249 3706 275 3754 25
287 3680 437 3760 Uterque
460 3685 494 3739 et
518 3684 578 3757 pro
598 3682 657 3738 sua
676 3675 836 3755 dignitate
853 3682 886 3735 et
903 3680 963 3755 pro
979 3679 1089 3734 rorum
1107 3671 1337 3752 magnitodine
1353 3671 1385 3731 in

287 3788 416 3843 summa
437 3781 612 3842 sevoritate
628 3784 786 3839 versatur.
833 3773 931 3837 Alter
952 3781 1009 3837 eos
1031 3783 1087 3856 qui
1108 3782 1169 3836 nos
1188 3781 1305 3836 omnes
1320 3779 1388 3835 vita

288 3891 417 3966 privare
434 3890 543 3945 conati
559 3890 644 3955 sunt,
659 3889 714 3961 qui
727 3879 836 3941 dolore
849 3877 1033 3958 imperium,
1048 3887 1105 3959 qui
1117 3877 1233 3959 populi
1245 3877 1388 3939 Romani

288 3994 409 4048 nomen
425 3985 648 4067 exstinguere,
660 3990 821 4065 ponctum
836 3979 996 4062 temporis
1012 3979 1079 4042 frui
1093 3987 1162 4043 vita
1177 3989 1211 4043 et
1226 3980 1290 4043 hoc
1303 3998 1388 4042 com·
