3375 4775
523 578 679 639 oamon
703 584 771 640 non
793 585 868 639 mna
891 585 1071 640 nnuman
1094 586 1175 640 [ΑΨ
1338 576 1398 659 187

710 832 920 907 PunoRArro,
946 848 987 911 24

294 999 471 1078 Manilius,
487 1002 592 1065 stand
592 1003 679 1086 firm
687 1028 702 1078 ,·
722 1001 746 1063 J
755 1023 810 1065 am
832 1000 914 1064 with
930 1023 1006 1084 you.
1052 1002 1244 1066 Iadvocate
1259 1000 1395 1084 thepas·

462 1105 594 1187 sugens
603 1104 656 1167 tlte
671 1106 738 1168 law
753 1104 789 1167 in
805 1105 858 1167 tlte
873 1104 1007 1167 interest
1020 1106 1060 1187 of
1069 1106 1122 1169 the
1134 1114 1226 1168 state.

339 1292 390 1353 24.
422 1275 519 1357 Quae
541 1295 618 1338 cum
641 1276 687 1339 ita
709 1277 784 1352 sint,
803 1274 839 1340 C.
864 1277 990 1352 Menili,
1017 1286 1159 1358 primum
1181 1277 1278 1340 istam
1302 1285 1394 1339 tuam

293 1388 328 1441 et
356 1380 464 1460 legem
485 1389 519 1442 et
539 1381 743 1443 voluntatem
770 1390 805 1443 et
831 1380 1030 1443 sententiam
1055 1380 1154 1443 laude
1177 1380 1395 1444 vehementis-

293 1482 443 1566 simeque
473 1483 671 1565 comprobe;
702 1483 824 1547 deinde
851 1491 884 1547 te
911 1485 1023 1547 hortor
1049 1492 1085 1546 ut
1110 1492 1244 1547 auctere
1269 1486 1394 1566 popule

296 1587 450 1650 Remene
474 1593 609 1649 maneas
635 1588 671 1649 in
701 1589 866 1650 sententie
897 1594 981 1651 neve
1012 1588 1207 1670 cuiusquam
1237 1591 1304 1652 vim
1336 1599 1393 1651 aut

293 1692 402 1754 mines
419 1693 643 1773 pertimesces.
692 1692 837 1753 Primum
856 1691 889 1753 in
910 1698 943 1754 te
960 1692 1041 1754 satis
1064 1712 1138 1754 esse
1162 1694 1263 1754 animi
1286 1713 1394 1774 perse·
1417 1717 1427 1766 ς

293 1795 531 1877 vetantiaeque
554 1795 711 1871 arbitror;
737 1795 867 1870 deinde,
891 1815 966 1858 cum
995 1804 1120 1858 tantam
1150 1796 1393 1859 multitfidinem

292 1918 370 1961 cum
410 1906 504 1962 tante
544 1899 653 1961 studie
694 1898 812 1962 adesse
853 1898 1035 1974 viderimus
1079 1909 1237 1982 quantam
1275 1899 1393 1963 iterum

293 2021 384 2065 nunc
415 2003 450 2064 in
481 2003 598 2066 eedem
630 2002 763 2065 homine
798 2002 1021 2084 praeficiendi>
1050 2002 1209 2077 videmus,
1238 2003 1317 2084 quid
1343 2012 1394 2065 est

293 2105 384 2187 quod
410 2115 469 2168 aut
494 2106 536 2168 de
562 2113 598 2168 re
623 2116 682 2169 aut
707 2107 750 2169 de
778 2106 973 2190 perficiendi
1000 2107 1160 2169 iacultete
1183 2106 1393 2168 dubitemus?

295 2209 371 2290 Ego
394 2219 515 2284 autem,
532 2210 688 2292 quicquid
711 2219 762 2272 est
785 2198 819 2272 in
843 2218 897 2272 me
917 2210 1024 2284 studii,
1044 2209 1179 2285 consilii,
1202 2208 1331 2282 laberis,
1349 2209 1431 2270 in-10

293 2315 394 2395 genii,
422 2312 579 2396 quicquid
610 2314 673 2376 hec
700 2312 861 2377 beneficio
888 2313 1004 2397 populi
1036 2314 1180 2376 Reman}
1205 2322 1305 2395 atque
1331 2312 1394 2375 hec

294 2425 460 2499 potestate
487 2419 660 2499 praeterii,
689 2418 846 2501 quicquid
874 2419 1077 2493 aucteritete,
1107 2418 1180 2492 fide,
1208 2417 1394 2479 censtantie

295 2541 442 2603 possum,
460 2521 492 2583 id
509 2541 607 2584 omne
628 2521 670 2583 ad
687 2522 773 2584 hanc
793 2541 862 2583 rem
880 2521 1120 2585 cenficiendam
1137 2520 1197 2584 tibi
1215 2529 1248 2583 et
1271 2520 1394 2602 popule

296 2625 449 2687 Remane
465 2624 622 2706 polliceor
644 2645 684 2687 ac
707 2625 823 2688 desere
845 2634 1016 2707 testorque
1039 2633 1156 2687 omnes
1177 2623 1266 2698 dees,
1283 2633 1317 2686 et
1336 2630 1394 2686 ees

295 2727 437 2789 maxime
452 2737 509 2809 qui
531 2728 607 2791 huic
631 2728 705 2792 loce
727 2728 919 2810 templeque
943 2727 1142 2809 praesident,
1168 2737 1225 2809 qui
1247 2726 1392 2789 omnium
1405 2757 1429 2804 15

294 2839 426 2894 mentes
449 2839 563 2894 eerum
591 2841 649 2914 qui
670 2832 713 2895 ad
734 2853 803 2895 rem
828 2831 996 2913 publicam
1019 2832 1144 2894 adeunt
1167 2831 1308 2892 maixime
1324 2849 1394 2911 per-

295 2934 449 3016 spiciunt,
474 2942 527 2997 me
551 2935 613 2998 hec
636 2955 745 3017 neque
770 2943 888 3017 rogeti‘r
912 2936 1025 2998 iacere
1053 2935 1257 3015 cuiusquam,
1286 2953 1394 3014 neque

295 3046 361 3121 que
378 3038 437 3101 Cn.
457 3039 595 3119 Pompei
609 3041 750 3119 gratiam
769 3039 851 3100 mihi
874 3058 935 3121 per
957 3039 1044 3101 hanc
1068 3058 1204 3101 causam
1228 3037 1394 3100 concilieri

294 3151 419 3223 putem,
438 3161 545 3223 neque
561 3149 628 3223 que
643 3143 723 3204 mihi
736 3162 777 3205 ex
789 3142 985 3225 cuiusquam
999 3141 1217 3223 amplitudine
1230 3150 1287 3203 aut
1303 3160 1394 3221 prae·

293 3245 379 3308 sidia
395 3245 549 3325 periculis
564 3255 623 3308 aut
634 3247 825 3308 adiumenta
842 3247 1022 3309 honeribus
1035 3265 1201 3328 quaeram,
1217 3250 1392 3325 propterea
1402 3269 1430 3302 ιο

293 3348 383 3430 quod
403 3347 550 3430 pericula
573 3348 680 3424 facile,
697 3358 734 3411 ut
758 3349 926 3412 hominem
952 3356 1121 3431 praestere
1145 3358 1284 3429 oportet,
1302 3348 1392 3408 inno-

292 3453 403 3514 centia
418 3458 497 3513 tecti
519 3451 726 3532 repellemus,
743 3453 904 3516 horrerem
921 3464 1032 3517 autem
1056 3472 1165 3534 neque
1187 3450 1228 3513 ab
1254 3458 1320 3512 uno
1339 3468 1393 3511 ne-

293 3659 422 3723 ratiene
436 3667 535 3734 vltae,
553 3668 581 3721 si
595 3668 707 3722 vestra
722 3659 877 3722 voluntas
893 3660 988 3735 feret,
1006 3667 1255 3741 consequemur.

335 3764 448 3846 Quam
472 3761 516 3825 ob
539 3781 618 3837 rem,
635 3761 791 3845 quicquid
814 3762 848 3824 in
875 3763 938 3825 hac
964 3769 1066 3825 cause
1092 3763 1171 3824 mihi
1199 3771 1390 3843 susceptum
1400 3786 1427 3838 25

291 3877 348 3939 est,
367 3866 528 3950 Quirites,
545 3864 578 3926 id
594 3885 658 3947 ego
674 3885 773 3928 omne
790 3873 842 3927 me
859 3875 906 3928 rei
922 3866 1073 3946 publicae
1089 3873 1189 3928 cause
1205 3867 1390 3945 suscepisse

291 3971 465 4042 cenfirme,
480 3975 676 4052 tantumque
691 3968 786 4031 abest
802 3977 838 4030 ut
854 3969 997 4049 aliquam
1015 3968 1095 4029 mihi
1110 3968 1232 4030 bonam
1251 3967 1390 4049 gretiam
