3375 4775
528 574 630 624 FIRST
652 574 810 623 ORATION
832 574 984 624 AGAlNST
1007 574 1174 625 CATILINE
1359 581 1400 647 93

292 752 385 834 quod
412 758 446 815 te
472 750 538 812 iam
565 750 690 811 dadum
716 751 838 825 hortor,
864 749 990 825 exieris,
1017 750 1230 814 exhaurietur
1254 772 1295 815 ex
1321 752 1402 816 urbe

291 864 428 919 tuorum
445 855 605 917 comitum
622 861 744 935 magna
759 865 793 916 et
816 853 1003 935 perniciesa
1022 864 1153 917 sentina
1172 865 1219 918 rei
1238 856 1399 936 publicae.

293 960 387 1042 Quid
404 969 464 1035 est,
483 958 650 1023 Catilina?
697 959 786 1019 Num
804 958 937 1021 dubitas
956 958 988 1019 id
1011 966 1063 1019 me
1085 958 1268 1039 imperante
1290 961 1401 1024 facere

294 1065 468 1146 quodiam
484 1070 542 1125 tua
559 1072 678 1144 sponte
694 1061 866 1124 faciebas?
913 1062 1012 1124 Exire
1029 1083 1069 1124 ex
1087 1063 1166 1125 urbe
1178 1062 1269 1125 iubet
1285 1065 1401 1126 consul

293 1170 438 1232 hostem.
489 1168 682 1247 interrogas
710 1174 772 1241 me,
801 1186 880 1227 num
905 1167 939 1228 in
967 1166 1141 1229 exsilium?
1188 1167 1265 1229 Nan
1292 1168 1398 1243 iubee,
1424 1191 1435 1237 ⁵

294 1273 365 1347 sed,
386 1282 414 1335 si
437 1279 491 1334 me
514 1271 668 1347 cansulis,
693 1270 826 1334 suadeo.

305 1532 385 1614 Why
399 1533 440 1595 do
448 1554 517 1614 you
534 1530 619 1593 wz'slz
635 1540 666 1593 to
685 1539 758 1611 stay
774 1529 869 1592 when
883 1530 935 1591 all
950 1531 1112 1612 menfi'ar
1126 1533 1198 1593 and
1215 1531 1291 1593 laute
1305 1533 1401 1612 you?
1474 1514 1476 1519 ¹

339 1699 369 1760 6.
402 1694 491 1777 Quid
516 1702 567 1757 est
593 1693 691 1768 enim,
721 1692 872 1767 Catilina,
902 1693 991 1774 quod
1018 1700 1051 1755 te
1078 1693 1143 1754 iam
1174 1693 1207 1755 in
1234 1694 1295 1756 hac
1319 1693 1400 1757 urbe
1433 1760 1436 1769 ,

295 1801 461 1866 delectare
479 1797 593 1879 possit,
607 1797 641 1859 in
654 1803 720 1879 qua
735 1804 834 1859 neme
851 1806 901 1858 est
917 1804 1009 1859 extra
1024 1798 1122 1859 istam
1140 1798 1398 1860 coniuratianem

295 1905 499 1984 perditarum
528 1901 699 1964 hominum
727 1911 784 1983 qui
810 1909 843 1963 te
868 1908 935 1963 nen
963 1911 1097 1975 metuat,
1124 1909 1223 1964 neme
1246 1912 1304 1984 qui
1333 1911 1399 1965 nan

295 2007 423 2071 aderit?
470 2006 566 2088 Quae
579 2015 658 2069 nota
670 2005 873 2068 domesticae
887 2004 1100 2086 turpitudinis
1113 2013 1179 2067 nan
1190 2006 1301 2067 inusta
1313 2016 1399 2069 vitae
1411 2012 1437 2069 lo

294 2125 372 2175 tuae
394 2110 468 2174 est?
515 2109 614 2192 Quod
631 2116 833 2190 privatarum
858 2116 967 2171 rerum
984 2109 1129 2172 dedecus
1146 2118 1213 2171 nan
1235 2111 1351 2172 haeret
1366 2111 1398 2172 in

295 2215 409 2279 fama?
464 2215 561 2297 Quae
589 2214 689 2276 libide
716 2213 758 2274 ab
789 2214 904 2288 oculis,
930 2214 1019 2294 quod
1047 2213 1179 2275 facinus
1204 2221 1223 2275 a
1247 2214 1399 2276 manibus
1431 2213 1435 2247 ’-

295 2340 452 2403 umquam
479 2328 553 2394 tuis,
576 2319 664 2401 quod
689 2316 850 2398 flagitium
875 2324 991 2379 atate
1019 2337 1157 2399 corpore
1185 2317 1291 2380 afuit?
1338 2319 1399 2382 Cui

294 2434 329 2489 tir
347 2424 607 2498 adulescentula,
626 2442 725 2504 quem
741 2423 1002 2503 corruptelarum
1027 2421 1201 2485 inlecebris
1221 2425 1397 2499 inretisses,

294 2538 361 2591 nan
383 2539 442 2592 aut
457 2528 499 2590 ad
516 2526 687 2590 audaciam
705 2527 829 2588 ferrum
847 2535 904 2587 aut
923 2527 964 2586 ad
987 2525 1154 2588 libidinem
1177 2528 1286 2589 facem
1309 2548 1435 2607 prae-15
1477 2587 1479 2592 .

293 2633 421 2697 tulisti?
469 2631 559 2714 Quid
574 2630 674 2693 vere?
722 2631 840 2711 Nuper
862 2615 1063 2692 cum'morte
1087 2631 1265 2712 superioris
1290 2631 1399 2694 uxoris

294 2747 388 2801 novis
412 2737 539 2816 naptiis
562 2735 697 2797 domum
721 2733 974 2808 vacuefecisses
999 2742 1110 2797 nenne
1137 2736 1237 2798 etiam
1265 2732 1328 2798 alia
1355 2723 1400 2796 in-

294 2841 444 2905 credibili
460 2840 585 2903 scelere
601 2839 664 2900 hec
680 2838 788 2900 scelus
808 2838 1006 2900 cumulasti?
1054 2839 1153 2919 Quod
1172 2861 1236 2921 ego
1257 2847 1419 2920 praeter-²

295 2945 390 3008 mitte
406 2954 440 3007 et
456 2944 555 3006 facile
572 2941 679 3024 patior
695 2941 791 3016 sileri,
806 2949 849 3004 ne
865 2943 899 3003 in
916 2943 977 3003 hac
996 2942 1228 3020 ciuitatetanti
1243 2943 1399 3006 facinoris

294 3048 485 3115 immanitas
509 3056 566 3111 aut
589 3041 753 3108 exstitisse
777 3055 834 3108 aut
862 3054 928 3108 nan
953 3046 1119 3110 vindicata
1142 3068 1216 3110 esse
1240 3048 1398 3109 videatur.
1410 3079 1438 3110 20

296 3152 529 3217 Praetermitte
552 3156 663 3213 ruinas
691 3151 901 3213 fortanarum
927 3157 1067 3226 tuarum,
1092 3159 1175 3233 quas
1202 3160 1317 3214 omnes
1345 3151 1400 3212 im·
1425 3218 1427 3220 ,

295 3259 443 3339 pendere
460 3253 519 3319 tibi
540 3253 696 3336 proximis
718 3237 833 3316 idibus
856 3254 986 3317 senties
1035 3256 1091 3317 Ad
1114 3256 1171 3317 illa
1195 3257 1291 3318 venia
1314 3275 1399 3337 quae

294 3370 360 3424 nan
393 3361 436 3423 ad
465 3365 627 3440 privatam
657 3357 874 3438 igneminiam
906 3357 1059 3420 vitiorum
1091 3368 1231 3434 tuarum,
1260 3367 1326 3421 non
1358 3359 1399 3420 ad

294 3465 513 3528 domesticam
543 3471 634 3525 tuam
665 3460 894 3524 difficultatem
924 3482 963 3524 ac
994 3462 1242 3544 turpitirdinem,
1268 3464 1326 3525 sed
1359 3463 1400 3524 ad

295 3587 460 3632 summam
484 3586 554 3629 rem
578 3564 745 3646 publicam
769 3575 869 3646 atque
889 3566 930 3627 ad
954 3567 1101 3628 omnium
1126 3576 1274 3630 nostrum
1299 3577 1435 3646 vitam25

295 3674 505 3752 salatemque
526 3669 703 3750 pertinent.

318 3761 320 3765 ’
339 3777 498 3839 Potestne
517 3771 578 3836 tibi
599 3771 681 3834 haec
704 3772 767 3846 lux,
786 3770 938 3844 Catilina,
957 3781 1014 3833 aut
1037 3772 1134 3835 buius
1159 3775 1242 3836 caeli
1265 3775 1400 3854 spiritus

294 3900 366 3944 esse
383 3877 559 3951 iacundus,
573 3895 649 3938 cum
666 3876 752 3938 scias
772 3895 847 3937 esse
869 3874 985 3944 herum
1007 3859 1172 3938 neminem
1194 3887 1251 3957 qui
1273 3871 1400 3939 nesciat

294 3990 328 4047 te
350 3982 457 4066 pridie
482 3979 654 4054 Kalendas
680 3979 853 4041 Ianuarias
878 3977 1007 4059 Lepida
1030 3989 1064 4041 et
1087 3977 1186 4040 Tulle
1209 3979 1399 4042 censulibus
