3375 4775
516 615 634 664 THIRD
657 614 814 664 ORATION
838 614 989 663 AGAINST
1012 613 1179 663 CATILINE
1341 620 1397 684 131

295 789 408 871 Quem
426 788 560 871 quidem
577 807 640 869 ego
656 808 729 850 eum
747 808 787 850 ex
804 787 885 850 urbe
905 786 1078 868 pellebam‚
1096 788 1159 849 hec
1185 788 1400 869 previdebam

294 894 418 969 anime,
437 892 593 974 Quirites
611 899 739 954 remete
759 891 901 955 Catilina]
924 911 990 953 non
1013 891 1093 952 mihi
1115 911 1188 954 esse
1214 893 1247 953 P.
1267 893 1402 954 Lentuli

294 1017 450 1060 somnum
483 1016 544 1059 nec
577 997 615 1057 L.
645 996 740 1059 Cassi
765 996 881 1076 adipes
913 1015 974 1057 nee
1006 995 1041 1058 C.
1069 995 1211 1075 Cethegi
1240 996 1400 1058 furiesam

294 1100 519 1164 temeritetem
536 1099 845 1182 pertimescendam.
894 1098 955 1162 Ille
972 1108 1042 1161 erat
1064 1106 1149 1160 enus
1173 1098 1340 1162 timendus
1361 1120 1401 1162 ex

295 1205 365 1266 istis
390 1204 555 1276 omnibus,
581 1203 640 1265 sed
661 1214 729 1265 tam
753 1203 820 1278 diri,
842 1202 922 1265 dum
947 1201 1035 1265 urbis
1058 1195 1232 1265 moenibus
1256 1205 1400 1265 contine·
1423 1228 1434 1277 ς

294 1308 401 1370 bitur.
450 1308 574 1371 Omnia
598 1316 701 1382 nutat,
727 1306 874 1370 omnium
898 1306 1007 1369 aditris
1034 1307 1187 1382 tenebat;
1220 1307 1397 1387 appellere,

294 1419 471 1493 temptere,
496 1411 672 1474 sollicitere
696 1420 835 1492 poterat,
861 1410 1013 1472 audebat.
1063 1410 1143 1471 Erat
1170 1420 1200 1471 ei
1226 1410 1399 1472 censilium

294 1516 337 1578 ad
369 1516 501 1578 facinus
531 1526 656 1596 aptum,
688 1514 826 1578 censilie
857 1524 967 1577 autem
1002 1533 1111 1595 neque
1142 1533 1260 1575 manus
1291 1534 1400 1596 neque

293 1620 410 1700 lingua
441 1620 564 1682 deerat.
627 1620 698 1681 Iam
730 1619 772 1680 ad
807 1624 914 1680 certis
949 1624 1002 1679 res
1036 1617 1258 1679 centiciendes
1292 1626 1399 1681 certes

294 1724 448 1785 homines
464 1723 609 1785 delectes
626 1743 664 1785 ac
680 1723 865 1803 descriptes
882 1720 1034 1783 habebat.
1084 1721 1202 1801 Neque
1219 1728 1305 1794 vere,
1324 1742 1399 1784 cum
1411 1750 1438 1780 ιο

293 1827 420 1908 aliquid
437 1827 619 1901 manderet,
637 1827 827 1890 cenfectum
845 1826 1001 1906 putebat;
1027 1824 1109 1885 nihil
1129 1834 1200 1887 erat
1222 1825 1310 1906 quod
1332 1834 1398 1888 nen

292 1932 366 2012 ipse
390 1930 505 2005 obiret,
530 1940 728 2005 occurreret,
751 1929 912 2011 vigileret
942 1927 1124 2002 labereret3
1155 1929 1271 2009 frigus
1301 1928 1397 2005 sitim,

293 2036 420 2096 famem
443 2035 532 2097 ferre
556 2043 693 2114 poterat.
958 2034 962 2041 '

340 2139 443 2200 Hunc
460 2158 523 2219 ego
540 2139 708 2200 hominem
724 2147 792 2200 tam
808 2144 929 2213 ecrem,
946 2147 1014 2200 tam
1031 2138 1201 2213 audecem,
1218 2146 1287 2199 tam
1307 2146 1398 2218 parai-

293 2254 374 2316 tum,
392 2251 461 2304 tam
480 2241 646 2315 callidum,
664 2250 731 2303 tam
754 2242 787 2302 in
809 2242 933 2304 scelere
956 2242 1160 2321 vigilantem,
1177 2250 1246 2303 tam
1269 2242 1301 2302 in
1327 2262 1434 2322 per-15

292 2346 370 2409 ditis
383 2345 482 2409 rebus
500 2345 690 2427 diligentem
705 2346 768 2408 nisi
781 2365 821 2408 ex
833 2345 1022 2409 domesticis
1037 2346 1165 2408 insidiis
1177 2347 1211 2408 in
1228 2354 1396 2409 castrense

293 2450 503 2512 latrecinium
527 2450 931 2530 compulissem—dicam
952 2451 984 2511 id
1001 2450 1089 2531 quod
1106 2452 1221 2525 sentie,
1240 2450 1395 2531 Quirites,

292 2561 414 2616 -nen
430 2552 530 2615 facile
546 2554 632 2615 hanc
649 2562 775 2615 tantam
795 2554 915 2616 melem
938 2554 1016 2614 mali
1038 2560 1058 2615 e
1081 2555 1263 2617 cervicibus
1278 2563 1397 2617 vestris

292 2657 507 2738 depulissem.
556 2658 633 2720 Nen
649 2657 704 2720 ille
721 2656 815 2719 nebis
838 2658 1027 2721 Saturnalia
1048 2658 1272 2720 censtituisset
1288 2678 1396 2739 neque

292 2768 388 2823 tante
416 2772 493 2824 ante
518 2761 609 2823 exitii
634 2781 673 2823 ac
697 2762 758 2822 feti
780 2762 867 2822 diem
885 2771 932 2822 rei
956 2762 1107 2842 pirblicae
1134 2761 1434 2824 denentievisset20

291 2884 404 2946 neque
421 2864 649 2939 commisisset,
667 2874 703 2926 ut
720 2874 862 2944 signum,
880 2874 917 2926 ut
933 2864 1061 2927 litterae
1077 2885 1156 2927 suae
1177 2873 1279 2927 testes
1297 2866 1396 2926 mani-

292 2968 373 3030 festi
395 2967 530 3029 sceleris
554 2968 893 3048 deprehenderentur.
941 2969 1038 3050 Quae
1062 2989 1150 3031 nunc
1176 2968 1232 3031 ille
1259 2970 1396 3032 absente

292 3081 339 3134 sic
356 3081 454 3152 gesta
470 3080 556 3146 sunt,
573 3081 609 3134 ut
624 3072 752 3133 millum
769 3073 801 3133 in
820 3079 948 3153 privete
970 3073 1068 3134 dome
1091 3073 1217 3134 fertum
1239 3092 1395 3154 umquam

292 3175 336 3238 sit
361 3184 429 3237 tarn
457 3175 568 3256 palam
593 3174 764 3238 inventum
792 3196 891 3257 quam
919 3177 1000 3238 haec
1026 3186 1119 3238 tanta
1143 3177 1177 3236 in
1203 3183 1237 3238 re
1264 3177 1395 3257 peblice

292 3279 478 3341 conieretie
494 3279 673 3341 manifeste
688 3279 823 3342 inventa
839 3291 938 3360 atque
960 3280 1169 3360 deprehensa
1190 3290 1248 3341 est.
1297 3280 1395 3361 Quod
1405 3310 1431 3357 25

293 3392 321 3444 si
337 3381 484 3444 Catilina
501 3381 535 3443 in
557 3381 638 3444 urbe
657 3383 699 3445 ad
723 3383 809 3444 hanc
833 3383 920 3445 dicm
944 3383 1166 3457 remensisset
1184 3404 1394 3464 quamquam,

293 3485 404 3567 quoad
435 3485 508 3560 fuit,
535 3485 690 3548 omnibus
717 3487 787 3549 eius
817 3487 962 3549 censiliis
989 3496 1116 3548 occurri
1142 3496 1241 3566 atque
1272 3487 1393 3561 obstiti,

293 3600 416 3664 tamen,
445 3599 482 3652 ut
512 3588 678 3652 levissime
707 3590 825 3662 dicam,
854 3589 1078 3651 dimicandum
1108 3590 1203 3650 nebis
1234 3608 1308 3650 cum
1340 3590 1395 3652 ille

292 3692 421 3767 fuisset,
441 3712 548 3774 neque
567 3700 628 3755 nes
650 3712 817 3773 umquam,
835 3713 910 3754 cum
934 3692 988 3754 ille
1010 3692 1042 3753 in
1066 3692 1145 3753 urbe
1169 3691 1273 3754 hostis
1296 3703 1393 3768 esset,

291 3805 393 3859 tantis
414 3796 570 3877 periculis
589 3816 659 3858 rem
681 3794 849 3879 publicam
869 3802 962 3859 tante
985 3803 1076 3877 pecc,
1094 3802 1187 3857 tante
1209 3793 1284 3869 citici,
1302 3805 1434 3872 tant630

292 3899 425 3964 silentie
441 3899 693 3963 liberessemus.-
