3375 4775
343 553 404 616 160
693 561 871 613 omnious
893 562 939 612 or
960 561 1087 612 crcuuo

339 736 422 801 tulit.
470 737 538 819 Qui
561 743 686 818 posteu,
710 756 786 800 cum
811 735 969 797 maximus
993 736 1202 799 aedificisset
1224 743 1444 818 urnussetque

339 842 463 905 classes
479 841 709 921 exercitusque
726 846 927 920 permignus
944 839 1210 921 quibuscumque
1227 860 1269 903 ex
1285 840 1444 920 gentibus

339 946 502 1027 potuisset
521 949 757 1024 comparasset,
774 952 807 1006 et
825 950 861 1005 se
882 944 1094 1023 Bosporunis,
1115 942 1265 1006 finitimis
1284 953 1363 1017 suis
1380 944 1445 1007 bel-

339 1049 406 1111 lum
427 1049 551 1110 inferre
573 1047 751 1120 simuluret,
774 1054 880 1128 usque
901 1046 935 1108 in
958 1046 1159 1127 Hispiniam
1181 1047 1310 1128 legatus
1335 1067 1374 1110 ac
1399 1045 1446 1109 lit-

318 1160 428 1225 sterus
442 1154 529 1215 misit
542 1152 582 1213 ad
600 1159 657 1214 eus
674 1150 775 1213 ducus
791 1149 988 1232 quibuscum
1004 1161 1075 1213 tum
1091 1149 1215 1213 bellum
1232 1152 1444 1232 gerubumus

341 1267 385 1331 ut,
403 1277 478 1319 cum
497 1256 626 1318 duobus
645 1256 677 1316 in
699 1256 778 1317 locis
795 1255 1062 1317 disiunctissimis
1079 1255 1287 1337 muximeque
1304 1256 1446 1317 diversis

341 1369 408 1423 unu
431 1359 568 1422 cunsiliu
586 1366 606 1421 u
624 1360 711 1421 binis
737 1359 881 1421 hostium
905 1358 1008 1439 cupiis
1032 1357 1157 1421 bellum
1181 1366 1269 1421 terru
1293 1367 1446 1440 marique

341 1472 520 1546 gererEtur,
551 1471 611 1525 vus
641 1463 778 1544 ancipiti
808 1462 1022 1525 contentiune
1056 1464 1195 1525 districti
1227 1463 1269 1525 du
1303 1463 1447 1544 imperiu

341 1567 549 1632 dimicaretis.

305 1697 332 1728 ιο
385 1671 451 1735 Sed
474 1681 585 1734 tamen
605 1670 740 1733 alterius
763 1671 867 1752 partis
891 1670 1084 1752 periculum,
1108 1670 1319 1735 Serturiunae
1344 1681 1447 1753 atque

343 1774 587 1855 Hispaniensis
605 1795 690 1856 quae
710 1775 813 1837 multu
833 1774 908 1855 plus
925 1776 1128 1836 firmumenti
1144 1795 1182 1837 ac
1199 1774 1327 1838 ruboris
1347 1775 1448 1837 habe·

341 1881 408 1954 bat,
429 1878 489 1941 Cn.
510 1878 775 1959 Pompeidivinu
794 1879 988 1942 consilioue
1010 1879 1171 1959 singulari
1189 1879 1311 1941 virtute
1332 1879 1448 1960 dupul·

342 2003 415 2046 sum
434 1992 502 2058 est;
528 1984 559 2044 in
580 1983 683 2044 altera
702 1992 796 2062 parte
813 1983 860 2044 ita
879 1990 930 2044 res
947 1990 967 2044 a
985 1983 1022 2044 L.
1043 1982 1194 2057 Lucullo,
1215 1989 1345 2044 summu
1364 1984 1445 2057 viru,

342 2097 392 2150 est
409 2087 638 2148 administrata
655 2098 690 2147 ut
706 2086 799 2148 initia
815 2085 870 2148 illa
886 2094 996 2147 rerum
1012 2093 1181 2166 gesturum
1202 2093 1325 2166 magna
1344 2096 1447 2167 atque

307 2191 513 2273 15pracclura
540 2198 606 2252 nun
634 2190 784 2252 felicitati
810 2189 890 2264 eius
916 2190 974 2252 sed
998 2191 1121 2265 virtuti,
1146 2190 1230 2253 haec
1254 2199 1366 2251 autem
1394 2210 1447 2251 ex-

342 2302 456 2369 trema,
484 2314 569 2375 quae
597 2301 703 2373 nuper
726 2293 927 2368 accidurunt‚
954 2301 1021 2355 nun
1049 2294 1177 2374 culpae,
1203 2293 1261 2355 sed
1288 2294 1446 2356 fortunae

342 2399 519 2461 tribuenda
534 2419 608 2461 esse
623 2399 806 2461 videantur,
855 2397 921 2461 Sed
939 2398 979 2460 de
997 2398 1139 2460 Lucullu
1155 2398 1262 2460 dicam
1280 2398 1345 2460 aliu
1362 2398 1445 2472 locu,

343 2512 376 2567 et
399 2504 444 2565 ita
467 2504 583 2577 dicam,
605 2502 762 2583 Quirites,
783 2512 819 2564 ut
841 2522 949 2582 neque
967 2509 1045 2564 vera
1066 2502 1137 2564 laus
1154 2511 1185 2563 ei
1206 2502 1357 2564 dutructa
1375 2509 1447 2563 uru-

343 2608 432 2669 tiune
461 2613 534 2667 mea
560 2626 669 2686 neque
696 2606 782 2667 falsa
814 2605 939 2667 adficta
969 2625 1042 2667 esse
1069 2605 1239 2681 videitur3
1274 2606 1316 2667 du
1343 2614 1448 2668 vestri

306 2734 334 2765 20
343 2710 472 2790 imperii
490 2709 650 2789 dignitate
670 2718 769 2789 atque
788 2709 902 2789 glunit,
924 2706 1080 2789 quoniam
1100 2709 1128 2770 is
1147 2718 1199 2772 est
1218 2717 1355 2771 exorsus
1376 2716 1447 2770 uru-

342 2809 439 2872 tionis
473 2828 575 2885 meae,
608 2809 718 2872 vidute
753 2831 851 2893 quem
886 2811 980 2874 vobis
1012 2813 1158 2874 animum
1194 2812 1446 2893 suscipiendum

344 2915 476 2996 putitis.

346 3164 420 3229 Our
433 3165 530 3227 allier
549 3185 605 3227 are
627 3165 662 3228 in
683 3166 816 3246 danger,
836 3167 909 3228 and
928 3166 1001 3246 they
1020 3188 1077 3228 are
1098 3165 1231 3249 looking
1248 3176 1280 3229 to
1301 3167 1447 3249 Pompey

752 3270 815 3350 for
828 3270 1035 3332 deliverance.

387 3448 416 3509 5.
451 3433 595 3493 Maiurus
622 3440 727 3493 nostri
753 3451 853 3512 saepe
882 3431 1118 3495 mercaturibus
1145 3441 1201 3494 aut
1232 3433 1444 3496 nuviculariis
1494 3422 1499 3433 ’

342 3544 463 3596 nostris
479 3534 666 3601 iniuriusius
682 3541 829 3597 tructatis
845 3535 932 3597 bella
948 3543 1143 3616 gessurunt;
1167 3544 1227 3598 vus
1242 3545 1292 3599 tot
1311 3537 1444 3613 milibus

306 3657 333 3706 25
343 3639 461 3699 civium
481 3639 705 3700 Rumunurum
724 3645 789 3700 unu
808 3639 925 3701 nuntio
944 3648 1043 3721 atque
1062 3647 1128 3701 unu
1146 3649 1298 3720 tempore
1317 3649 1443 3704 necutis

343 3750 409 3824 qui>
431 3742 564 3804 tandem
585 3743 695 3804 animi>
719 3762 791 3805 esse
815 3742 965 3806 debetis?
1013 3744 1134 3824 Legiti
1156 3743 1245 3825 quod
1269 3754 1366 3807 erant
1390 3766 1443 3826 ap·

343 3845 457 3926 pelliti
476 3845 659 3926 superbius
681 3845 877 3909 Corinthum
899 3855 1011 3927 patrus
1029 3856 1140 3921 vestri,
1161 3855 1262 3923 tutius
1282 3849 1442 3912 Graeciae

344 3948 465 4023 lumen,
482 3958 679 4012 exstinctum
696 3970 770 4013 esse
785 3950 978 4026 voluerunt;
1000 3959 1059 4013 vus
1076 3971 1152 4014 eum
1169 3959 1282 4033 regem
1300 3951 1441 4015 inultum
