3375 4775
332 552 395 615 208
684 563 861 613 omrrous
884 563 929 613 or
951 563 1079 612 cronno

331 736 404 812 bus,
416 746 449 800 te
461 739 690 800 auctoritatem
704 738 801 800 huius
813 737 938 800 ordinis
951 737 1215 819 dignitatemque
1225 737 1273 801 rei
1283 735 1437 819 publicae

331 841 398 905 tuis
413 842 466 904 vel
482 841 651 904 doloribus
667 842 720 905 vel
735 841 981 923 suspicionibus
997 842 1172 905 anteferre.

377 945 439 1008 Ille
462 946 595 1027 quidem
612 946 757 1008 fructum
773 944 881 1008 omnis
897 956 975 1008 ante
992 955 1086 1008 actae
1101 944 1190 1008 vitae
1207 945 1369 1008 hodierno
1385 944 1438 1007 die

333 1050 511 1111 maximum
530 1049 626 1130 cepit,
644 1069 720 1111 cum
737 1069 866 1112 summo
883 1069 1048 1112 consensu
1068 1057 1212 1123 senatus,
1230 1058 1301 1111 tum
1317 1047 1439 1110 iudicio

311 1163 390 1226 stuo
417 1152 613 1234 gravissimo
643 1163 677 1216 et
708 1155 859 1217 maximo
909 1154 960 1215 Ex
990 1174 1056 1235 quo
1088 1153 1240 1235 proiecto
1270 1152 1439 1233 intellegis

333 1267 459 1339 quanta
481 1257 516 1319 in
539 1258 617 1320 dato
639 1256 800 1320 beneficio
817 1257 859 1320 sit
875 1257 956 1333 laus,
974 1278 1049 1320 cum
1066 1256 1100 1319 in
1116 1265 1254 1338 accepto
1280 1256 1322 1318 sit
1345 1264 1440 1318 tanta

334 1361 447 1442 gloria.
496 1362 558 1424 Est
573 1381 651 1424 vero
668 1362 857 1424 fortunatus
873 1361 937 1437 ille,
955 1361 1048 1424 cuius
1065 1382 1105 1425 ex
1122 1360 1230 1423 salute
1246 1379 1314 1422 non
1331 1360 1441 1421 minor

335 1485 441 1547 paene
465 1466 506 1527 ad
530 1485 655 1540 omnes,
673 1486 773 1547 quam
797 1466 839 1528 ad
863 1466 972 1547 ipsum
995 1473 1136 1528 ventura
1155 1463 1206 1539 sit,
1224 1462 1351 1527 laetitia
1369 1483 1442 1545 per·

333 1570 482 1645 venerit;
507 1570 595 1651 quod
612 1569 745 1651 quidem
762 1569 793 1632 ei
809 1570 926 1632 merito
942 1578 1042 1652 atque
1059 1567 1184 1649 optimo
1200 1570 1272 1631 iure
1288 1566 1440 1649 contigit.

298 1698 326 1731 10
335 1672 420 1755 Quis
436 1672 524 1735 enim
541 1682 592 1736 est
614 1672 669 1736 illo
693 1683 751 1737 aut
773 1672 944 1736 nobilitate
960 1682 1018 1735 aut
1041 1672 1205 1752 probitate
1221 1682 1280 1735 aut
1302 1671 1442 1753 optima·

334 1797 408 1839 rum
432 1777 550 1839 artium
576 1777 684 1839 studio
708 1786 765 1839 aut
787 1777 979 1840 innocentia
1002 1786 1059 1839 aut
1089 1776 1156 1839 ullo
1180 1776 1289 1839 laudis
1315 1794 1442 1857 genere

335 1880 578 1964 praestantior?
987 1887 995 1904 “

574 2116 781 2178 Prorosrrro
804 2134 849 2177 ur
873 2132 1117 2191 courmnnrro,
1143 2114 1207 2177 2-6

344 2262 432 2325 Your
454 2261 603 2343 military
625 2260 872 2336 acler‘evemerrts,
897 2258 1026 2336 Caesar,
1048 2259 1132 2323 have
1150 2260 1332 2341 surpassed
1353 2260 1443 2322 those

379 2367 420 2448 of
441 2366 494 2429 all
513 2366 605 2429 otlrer
631 2365 862 2440 commanders,
887 2364 944 2428 but
972 2364 1082 2446 ter-day
1103 2384 1171 2447 you
1201 2362 1287 2427 leave
1317 2384 1390 2427 wore
1420 2384 1442 2425 a

375 2480 511 2552 greater
524 2470 621 2552 glory
645 2469 724 2532 than
747 2488 824 2531 ever
844 2468 957 2550 before.

380 2633 408 2678 2.
442 2616 575 2678 Nullius
598 2625 728 2678 tantum
758 2615 883 2678 flumen
914 2625 965 2678 est
995 2614 1130 2697 ingenii,
1154 2614 1277 2676 nullius
1308 2614 1443 2677 dicendi

336 2730 394 2784 aut
417 2719 581 2783 scribendi
604 2728 698 2782 tanta
719 2718 778 2794 vis,
796 2727 889 2782 tanta
905 2718 1010 2801 copia,
1028 2739 1114 2801 quae
1136 2738 1204 2782 non
1226 2718 1334 2781 dicam
1352 2738 1444 2781 exor-

301 2854 326 2903 15
337 2845 426 2900 nare,
458 2825 518 2887 sed
548 2843 712 2899 enarrare,
745 2824 781 2886 C.
820 2824 953 2898 Caesar,
984 2843 1037 2887 res
1071 2832 1146 2886 tuas
1180 2831 1294 2904 gestas
1325 2820 1441 2904 possit.

336 2929 466 2992 Tamen
490 2928 638 3003 adfirmo,
657 2936 690 2990 et
713 2927 775 2989 hoc
799 2947 882 3008 pace
898 2927 1005 2990 dicam
1022 2936 1088 3002 tua,
1106 2925 1230 3015 nullam
1247 2924 1281 2988 in
1298 2925 1350 2988 his
1367 2945 1443 2988 esse

337 3034 469 3096 laudem
486 3033 680 3113 ampliorem
697 3051 796 3113 quam
813 3051 886 3094 eam
904 3051 1003 3113 quam
1027 3030 1188 3093 hodierno
1209 3030 1262 3092 die
1286 3049 1444 3092 consecu-

336 3145 390 3200 tus
406 3158 451 3201 es.
499 3136 597 3200 Soleo
614 3156 715 3217 saepe
731 3146 808 3199 ante
824 3135 939 3199 oculos
958 3154 1083 3216 ponere
1102 3134 1202 3216 idque
1218 3132 1361 3196 libenter
1376 3153 1444 3196 cre·

336 3240 405 3305 bris
428 3261 590 3323 usurpare
613 3239 830 3314 sermonibus,
848 3260 965 3303 omnes
988 3248 1177 3303 nostrorum
1193 3237 1442 3319 imperatorum,

300 3373 329 3406 ιο
338 3366 453 3410 omnes
470 3356 656 3408 exterarum
672 3346 822 3426 gentium
842 3343 1215 3426 potentissimorumque
1231 3341 1443 3423 populorum,

337 3470 453 3513 omnes
477 3449 733 3513 clarissimorum
757 3469 875 3530 regum
895 3468 947 3511 res
966 3456 1079 3530 gestas
1100 3465 1174 3510 cum
1197 3443 1264 3508 tuis
1284 3464 1347 3507 nec
1368 3464 1444 3507 con·

336 3555 522 3618 tentionum
546 3553 775 3634 magnitudine
798 3572 860 3616 nec
884 3572 1022 3616 numero
1044 3549 1245 3634 proeliorum
1263 3568 1325 3612 nec
1340 3548 1444 3611 varie-

337 3668 406 3721 tate
429 3659 602 3738 regionum
619 3676 680 3720 nec
696 3656 866 3719 celeritate
882 3654 1079 3719 conficiendi
1095 3673 1157 3717 nec
1173 3651 1444 3716 dissimilitudine

336 3761 498 3825 bellorum
531 3781 628 3842 posse
659 3761 821 3837 conferri;
845 3779 908 3822 nec
934 3780 1013 3823 vero
1037 3755 1314 3822 disiunctissimas
1337 3765 1445 3819 terras

300 3867 434 3943 25citius
464 3865 618 3948 passibus
648 3864 843 3946 cuiusquam
876 3864 1024 3944 potuisse
1047 3861 1226 3944 peragrari,
1251 3880 1353 3942 quam
1376 3860 1444 3924 tuis

338 3991 405 4034 non
422 3971 529 4034 dicam
546 3969 705 4044 cursibus,
723 3968 782 4031 sed
797 3968 944 4031 victoriis
960 3967 1118 4030 lustratae
1135 3973 1221 4028 sunt.
