3375 4775
335 576 396 638 114
686 570 865 622 ORATIONS
887 571 932 622 OF
954 570 1081 621 CICERO

338 801 369 863 Τ
364 802 404 864 lte
423 804 535 884 forces
559 804 600 884 of
621 801 765 867 Catz'line
790 802 914 866 consz‘st
936 805 976 885 of
993 804 1048 866 six
1068 803 1194 881 classen,
1219 804 1274 867 tlte
1294 806 1382 889 first
1402 805 1443 885 os

374 906 479 968 uiui
503 906 532 968 is
555 908 651 968 ntade
672 919 714 987 up
737 908 777 988 os
800 906 870 969 rich
892 928 966 969 men
987 907 1118 987 lzeavz'ly
1143 907 1178 969 in
1201 907 1283 970 debr.
1337 908 1368 969 Τ
1363 909 1437 970 lzese
1479 989 1482 993 ι

374 1031 423 1110 top
445 1012 529 1073 need
545 1020 601 1073 not
611 1011 701 1091 sear.

366 1123 408 1229 Β
435 1165 502 1228 Sed
530 1172 588 1226 cur
614 1172 681 1225 tam
707 1165 763 1226 diu
791 1165 834 1227 de
858 1172 924 1226 une
951 1165 1046 1228 hoste
1074 1165 1247 1246 loquimur,
1272 1174 1306 1228 et
1330 1165 1373 1228 de
1395 1174 1435 1229 ee

331 1268 426 1330 hoste
447 1278 504 1350 qui
522 1270 588 1329 iam
609 1268 733 1330 fatetur
754 1274 790 1330 se
811 1288 885 1331 esse
907 1269 1046 1343 hostem,
1065 1278 1097 1330 et
1114 1288 1221 1349 quem,
1240 1268 1327 1349 quia,
1345 1269 1434 1350 quod

331 1391 463 1452 semper
484 1372 582 1444 volui,
607 1379 721 1433 murus
746 1371 892 1446 interest,
918 1379 984 1433 nen
1010 1371 1128 1448 time63
1153 1373 1194 1434 de
1218 1374 1268 1435 his
1293 1381 1351 1453 qui
1372 1373 1435 1434 dis·

330 1475 495 1550 simulant,
520 1484 578 1557 qui
602 1476 730 1537 Remae
752 1484 935 1549 remanent,
960 1484 1017 1556 qui
1043 1474 1215 1537 nebiscum
1240 1486 1327 1550 sunt,
1352 1477 1434 1539 nihil

308 1577 492 1651 sdieimus?
537 1579 632 1660 Ques
653 1579 786 1660 quidem
808 1600 881 1661 eg0,
900 1589 927 1641 si
944 1580 1011 1642 ulle
1026 1581 1125 1641 mode
1144 1580 1214 1642 fieri
1235 1581 1349 1660 possit,
1366 1588 1432 1642 nen

329 1692 397 1744 tam
429 1682 544 1745 ulcisci
573 1683 691 1745 studes)
721 1703 822 1764 quam
853 1691 971 1746 senere
1002 1684 1063 1746 sibi
1094 1684 1193 1762 ipses,
1223 1683 1357 1763 plecere
1387 1693 1435 1747 rei

330 1785 491 1867 publicae,
517 1805 624 1867 neque
647 1787 681 1848 id
708 1793 773 1867 que
801 1794 836 1848 re
863 1788 934 1849 fieri
957 1795 1023 1848 nen
1052 1788 1165 1867 possit,
1192 1796 1220 1848 si
1243 1794 1295 1848 me
1320 1787 1433 1849 audire

329 1889 450 1963 volent,
464 1889 631 1970 intellege.
681 1891 854 1970 Expenam
871 1890 958 1953 enim
972 1890 1074 1964 vebiS,
1089 1890 1245 1971 Quirites
1260 1909 1300 1951 ex
1313 1890 1433 1970 quibus

329 1992 506 2073 generibus
542 1995 711 2055 hominum
750 1993 834 2056 istae
868 1996 984 2075 cepiae
1021 2003 1273 2074 comparentur;
1313 1993 1433 2055 deinde

293 2123 320 2153 10
330 2097 468 2174 singulis
490 2098 687 2158 medicinam
709 2097 837 2159 censilii
858 2107 957 2179 atque
981 2097 1138 2159 oretienis
1161 2115 1263 2170 meae,
1285 2106 1433 2179 siquam

330 2207 454 2279 potere,
479 2200 639 2261 adferam.

375 2289 488 2366 Unum
505 2324 612 2383 genus
629 2314 679 2366 est
695 2313 809 2366 eerum
826 2314 882 2386 qui
899 2312 1021 2385 megne
1036 2305 1070 2365 in
1083 2324 1159 2366 aere
1172 2302 1280 2365 aliene
1293 2304 1433 2366 maieres

329 2408 428 2469 etiam
449 2410 678 2487 possessienes
700 2409 832 2482 habent,
851 2417 990 2490 querum
1012 2417 1123 2470 amere
1143 2408 1278 2469 addu'cti
1298 2407 1433 2470 dissolvi

329 2510 421 2571 nullo
437 2511 535 2572 mode
554 2520 703 2590 possunt.
752 2513 880 2574 Horum
903 2513 1074 2575 hominum
1096 2511 1224 2591 species
1244 2521 1296 2573 est
1318 2511 1433 2572 hones

293 2613 465 2688 15tissima,
498 2624 575 2676 sunt
609 2616 697 2676 enim
732 2615 933 2696 locupletes3
972 2615 1126 2676 voluntes
1156 2621 1235 2676 vere
1268 2624 1303 2676 et
1334 2633 1433 2676 causa

329 2716 626 2796 impudentissima.
673 2720 724 2780 To
757 2729 854 2799 agris
888 2727 922 2780 tu
955 2718 1122 2791 aedificiis,
1151 2724 1199 2778 tn,
1218 2725 1367 2798 argente,
1398 2723 1431 2779 tri

330 2819 464 2894 familie,
479 2828 514 2883 tu
531 2820 629 2883 rebus
642 2822 795 2884 omnibus
811 2830 948 2883 Ornatus
964 2832 998 2884 et
1014 2821 1168 2902 copiesus
1184 2830 1239 2891 sie,
1253 2829 1287 2882 et
1302 2819 1432 2882 dubites

330 2923 371 2984 de
388 2925 599 3004 possessione
615 2926 799 2999 detrahere,
818 2927 990 3006 adquirere
1007 2925 1049 2986 ad
1067 2923 1189 3006 fidem?
1236 2923 1326 3004 Quid
1345 2924 1432 2985 enim

330 3028 525 3107 exspectes?
572 3028 724 3091 Bellum?
771 3029 861 3110 Quid
885 3029 988 3109 erge?
1021 3028 1054 3090 in
1078 3028 1262 3089 vestetiene
1286 3027 1431 3089 omnium

292 3154 321 3186 ιο
330 3137 404 3192 tues
420 3132 647 3210 possessienes
664 3139 893 3194 sacresenctes
914 3133 1044 3194 futures
1064 3131 1183 3212 putes?
1229 3130 1286 3192 An
1305 3129 1432 3191 tabules

330 3233 456 3296 noves?
502 3235 625 3298 Errant
641 3245 698 3318 qui
713 3236 792 3298 istes
812 3243 831 3297 e
851 3236 994 3299 Catiline
1011 3243 1223 3316 exspectant;
1248 3241 1323 3296 mee
1338 3233 1433 3295 bene·

331 3336 404 3399 ficio
420 3339 552 3401 tabulae
569 3359 675 3401 novae
692 3340 913 3421 preferentur,
930 3346 1046 3401 verum
1063 3337 1304 3420 auctieneriae;
1325 3355 1433 3418 neque

331 3440 417 3501 enim
442 3443 505 3516 isti,
531 3452 588 3523 qui
611 3444 839 3523 possessienes
864 3443 999 3514 habent,
1023 3442 1087 3503 alie
1111 3442 1237 3503 ratiene
1260 3440 1329 3502 ulle
1353 3439 1434 3502 salvi

331 3562 405 3605 esse
421 3554 569 3624 possunt.
617 3546 716 3627 Quod
740 3555 768 3607 si
790 3545 951 3607 meterius
974 3545 1086 3608 facere
1109 3544 1291 3607 voluissent
1314 3562 1431 3624 neque,

294 3673 321 3721 25
331 3644 365 3707 id
395 3648 484 3728 quod
514 3649 744 3711 stultissimum
774 3659 833 3724 est,
866 3656 992 3712 certere
1024 3668 1099 3710 eum
1131 3655 1238 3709 usuris
1270 3645 1432 3708 fructibus

333 3751 551 3830 praedierum,
579 3761 613 3814 et
643 3752 912 3832 locupletieribus
944 3753 994 3813 his
1022 3760 1055 3813 et
1086 3750 1277 3813 melieribus
1308 3748 1433 3813 civibus

334 3860 509 3916 [ueremur.
556 3855 623 3919 Sed
661 3855 761 3917 hesce
800 3855 951 3916 homines
989 3854 1124 3916 minime
1163 3861 1244 3934 pute
1282 3854 1433 3935 pertime-

333 3957 484 4032 scendes
515 3958 604 4039 quod
634 3968 692 4020 aut
721 3958 842 4020 deduci
871 3958 913 4020 de
944 3959 1111 4020 sententie
1141 3965 1283 4038 possunt
1312 3966 1380 4032 aut,
1407 3964 1434 4019 si
