3375 4775
348 604 409 667 232
701 599 878 649 ounrrous
901 600 946 648 or
969 599 1095 648 crcuno

345 774 451 837 iacies
478 776 674 837 necessariis
701 776 776 849 tuis,
806 775 864 837 sed
893 775 965 849 hoc,
990 793 1124 855 quaes0,
1149 773 1335 848 considera,
1359 775 1444 856 quod

346 879 442 940 soles
490 878 628 940 Possum
650 878 851 941 fortissimos
874 879 973 952 viros,
999 876 1151 952 Sabinos,
1175 876 1236 939 tibi
1259 878 1447 958 probatissi-

345 1002 427 1058 moS,
444 990 618 1064 totumque
634 1002 751 1063 agrum
775 982 945 1058 Sabinum,
963 981 1077 1044 florem
1095 980 1212 1043 Italiae
1230 1000 1268 1043 ac
1285 981 1386 1044 robur
1402 984 1446 1045 rei

346 1086 508 1167 publicae,
540 1106 746 1167 proponere;
779 1085 868 1148 nosti
898 1084 1042 1166 optimos
1069 1084 1231 1147 homines.
1289 1085 1447 1148 Animad-

323 1200 436 1264 5verte
464 1190 582 1253 horum
609 1189 757 1252 omnium
788 1190 986 1253 maestitiam
1018 1198 1052 1252 et
1081 1189 1230 1252 dolorem
1238 1210 1246 1266 ;
1279 1190 1378 1253 huius
1408 1190 1444 1253 T.

347 1296 496 1372 Brocchi,
514 1295 556 1358 de
572 1315 636 1377 quo
654 1315 720 1358 non
740 1295 856 1358 dubito
877 1294 956 1377 quid
979 1293 1157 1369 existimes,
1176 1293 1330 1357 lacrimas
1355 1315 1447 1377 squa-

345 1401 515 1482 loremque
538 1398 643 1481 ipsius
665 1409 699 1463 et
721 1399 779 1462 filii
801 1399 904 1462 vides
952 1398 1042 1480 Quid
1066 1398 1108 1461 de
1132 1397 1292 1461 fratribus
1317 1399 1446 1486 dicam?

268 1520 272 1526 ·
347 1503 434 1580 Noli,
456 1502 589 1580 Caesar,
610 1513 727 1585 putare
751 1504 792 1566 de
816 1502 914 1565 unius
937 1503 1047 1583 capite
1070 1522 1132 1565 nos
1156 1521 1275 1583 agere3
1300 1512 1360 1565 aut
1381 1512 1446 1565 tres

344 1607 404 1670 tibi
432 1608 557 1689 Ligarii
581 1607 745 1671 retinendi
767 1609 802 1669 in
823 1609 956 1671 civitate
980 1616 1058 1669 sunt
1080 1616 1140 1669 aut
1162 1616 1229 1690 tres
1251 1626 1293 1670 ex
1316 1607 1446 1670 civitate

310 1712 594 1776 10exterminandi.
658 1712 746 1774 Nam
777 1712 918 1794 quodvis
948 1711 1100 1774 exsilium
1139 1710 1190 1773 his
1221 1720 1272 1774 est
1303 1711 1446 1793 optatius

345 1837 445 1899 quam
462 1816 578 1898 patria,
596 1837 695 1899 quam
717 1817 844 1891 domus,
867 1836 966 1897 quam
988 1815 1022 1877 di
1039 1824 1178 1897 penates
1200 1835 1267 1878 uno
1284 1815 1341 1879 illo
1357 1835 1445 1878 exsu-

345 1921 442 1984 lante.
492 1920 527 1984 Si
543 1922 701 1996 fraterne,
719 1922 746 1983 si
768 1920 830 2001 pie,
849 1920 877 1983 si
898 1940 974 1983 cum
997 1920 1112 1982 dolore
1136 1921 1275 1994 faciunt,
1293 1930 1447 1983 moveant

345 2034 379 2089 te
409 2027 526 2089 horum
558 2027 722 2101 lacrimae,
757 2033 890 2087 moveat
920 2026 1037 2106 pietas
1066 2032 1199 2086 moveat
1226 2025 1445 2104 germanitas3

345 2130 455 2194 valeat
470 2138 528 2193 tua
543 2150 608 2193 vox
623 2129 687 2205 illa,
703 2149 788 2211 quae
803 2129 890 2192 vicit.
937 2130 987 2191 Te
1004 2127 1091 2191 enim
1108 2127 1218 2190 dicere
1231 2127 1445 2191 audiebamus

310 2257 335 2305 ις
345 2255 406 2298 nos
423 2255 539 2298 omnes
555 2234 761 2297 adversarios
778 2243 905 2315 putare,
923 2232 987 2295 nisi
1008 2232 1065 2315 qui
1085 2230 1259 2294 nobiscum
1276 2241 1398 2309 essent,
1416 2242 1446 2295 te

345 2358 471 2415 omnes,
500 2339 556 2421 qui
586 2348 703 2402 contra
729 2346 762 2401 te
792 2358 859 2401 non
888 2346 1010 2414 essent,
1038 2346 1122 2400 tuos.
1173 2335 1323 2399 Videsne
1350 2338 1446 2419 igitur

346 2443 434 2506 hunc
450 2444 664 2525 splendorem
677 2444 834 2518 omnium,
849 2444 936 2505 hanc
954 2442 1179 2505 Brocchorum
1195 2441 1342 2516 domum,
1362 2442 1445 2503 hunc

347 2548 385 2610 L.
400 2547 573 2624 Marcium,
588 2548 625 2612 C.
640 2547 838 2622 Caesetium,
855 2546 893 2609 L.
909 2547 1100 2621 Corfidium,
1115 2546 1177 2608 hos
1189 2565 1306 2608 omnes
1320 2545 1445 2626 equites

347 2653 527 2728 Romanos
547 2653 602 2733 qui
620 2652 742 2714 adsunt
765 2661 858 2714 veste
882 2659 1018 2727 mutata,
1037 2670 1104 2712 non
1129 2649 1237 2712 solum
1260 2658 1358 2712 notos
1379 2649 1445 2724 tibi,

308 2778 336 2809 20
345 2776 460 2819 verum
483 2755 582 2819 etiam
607 2756 766 2838 probatos
789 2755 886 2831 viros,
912 2756 969 2837 qui
993 2765 1104 2818 tecum
1128 2753 1288 2816 luerunt?
1334 2755 1447 2836 Atque

346 2859 396 2923 his
421 2860 654 2936 irascebamur,
683 2861 744 2923 hos
772 2858 1033 2941 requirebamus
1064 2858 1116 2920 his
1146 2878 1215 2920 uon
1239 2858 1322 2919 nulli
1350 2859 1445 2921 etiam

345 2965 561 3027 minabamur.
610 2965 780 3029 Conserva
802 2965 904 3044 igitur
928 2963 993 3025 tuis
1013 2983 1100 3037 suoS,
1121 2971 1166 3038 ut,
1191 2981 1291 3043 quem
1317 2962 1360 3025 ad
1384 2982 1447 3024 mo

345 3070 425 3131 dum
441 3080 552 3133 cetera
572 3089 658 3152 quae
674 3070 763 3131 dicta
779 3077 892 3131 sunta
907 3077 950 3145 te,
968 3067 1015 3130 sic
1036 3067 1099 3130 hoc
1122 3066 1333 3130 verissimum
1357 3087 1446 3148 repe·

344 3172 456 3236 riatur.

344 3424 387 3507 If
408 3423 448 3502 Q.
468 3424 629 3507 Ligarius
655 3424 728 3487 lzad
750 3424 824 3487 been
851 3425 885 3487 in
909 3424 1005 3504 Italy,
1027 3423 1068 3486 lae
1094 3423 1207 3485 would
1231 3422 1446 3503 undoubtedly

495 3529 580 3592 lzave
602 3529 677 3592 been
701 3527 782 3591 aoz'tlr
805 3528 859 3591 leis
882 3527 1026 3590 brothers
1049 3549 1090 3590 on
1106 3547 1197 3608 your
1215 3526 1296 3589 side.

309 3719 335 3768 ις
392 3710 439 3756 12.
472 3692 571 3775 Quod
595 3694 623 3757 si
646 3693 778 3774 penitus
803 3692 993 3774 perspicere
1017 3711 1133 3773 posses
1157 3690 1369 3753 concordiam
1396 3689 1445 3753 Li·

346 3798 521 3879 gariorum,
536 3817 651 3860 omnes
665 3798 785 3860 fratres
798 3807 910 3861 tecum
927 3796 1090 3859 iudicares
1104 3795 1218 3858 fuisse.
1265 3793 1324 3856 An
1338 3802 1445 3877 potest

346 3904 520 3986 quisquam
537 3902 688 3965 dubitare
705 3902 793 3984 quin,
812 3901 838 3964 si
856 3902 897 3983 Q.
917 3901 1071 3982 Ligarius
1090 3900 1123 3962 in
1147 3900 1244 3962 Italia
1263 3919 1339 3963 esse
1356 3910 1444 3982 potu·

346 4008 435 4083 isset,
452 4007 487 4069 in
502 4007 619 4070 eadem
641 4006 807 4070 sententia
826 4004 928 4068 fuerit
949 4006 1091 4080 futurus,
1107 4005 1143 4066 in
1158 4023 1225 4086 qua
1241 4004 1364 4068 iratres
1378 4005 1444 4066 fue·
