3375 4775
698 595 875 652 ORATIONS
896 595 941 651 OF
962 591 1090 649 ClCERO
1134 595 1137 604 '

742 817 940 890 Honrnrio,
967 828 1050 893 5-10

346 957 395 1020 Go
417 967 448 1019 to
466 977 556 1037 your
573 976 676 1037 army,
701 954 779 1016 lead
799 975 897 1034 away
916 974 1005 1034 your
1017 953 1198 1035 followers,
1223 952 1297 1015 and
1308 952 1388 1034 free
1408 973 1448 1016 us

788 1060 883 1140 from
899 1059 989 1139 sear.

388 1215 418 1276 5.
454 1198 550 1278 Quae
581 1216 655 1258 cum
686 1197 733 1257 ita
763 1196 838 1269 sint,
872 1195 1023 1268 Catilina,
1056 1213 1159 1275 perge
1192 1201 1259 1275 quo
1290 1193 1446 1276 coepisti;

345 1300 503 1379 egredere
527 1299 704 1381 aliquanda
725 1319 764 1361 ex
785 1297 874 1359 urbe.
924 1298 1044 1367 Patent
1067 1306 1202 1378 portae;
1227 1298 1446 1378 proficiscere.

285 1485 287 1490 ,
347 1405 495 1465 Nimium
514 1403 569 1464 dia
591 1410 623 1464 ta
644 1403 876 1482 imperatorem
898 1411 955 1463 tua
975 1402 1030 1462 illa
1053 1401 1225 1462 Manliana
1241 1410 1351 1463 castra
1368 1401 1449 1463 desi-

346 1510 471 1569 derant.
519 1490 613 1567 Edac
641 1513 751 1567 tacum
778 1505 880 1566 etiam
904 1512 1020 1567 omnas
1044 1512 1128 1578 tuas
1154 1504 1323 1579 siminus
1348 1524 1448 1585 quam

325 1609 506 1691 splarimas
518 1630 525 1684 3
551 1615 656 1689 purga
678 1606 803 1669 urbem.
853 1608 979 1687 Magna
1001 1614 1053 1668 ma
1075 1614 1165 1669 meta
1188 1606 1351 1681 liberabis,
1370 1608 1449 1668 dum

347 1713 445 1776 modo
464 1714 550 1774 inter
569 1719 622 1773 ma
641 1722 739 1792 atque
756 1719 788 1773 ta
808 1718 922 1773 marus
938 1711 1076 1775 intersit.
1126 1710 1307 1773 Nobiscum
1323 1717 1451 1774 versari

346 1818 411 1878 iam
431 1808 555 1877 diritius
576 1823 640 1876 nan
665 1825 777 1894 potes;
802 1822 869 1875 non
892 1814 1006 1888 ieram,
1024 1822 1091 1876 nan
1114 1813 1229 1894 patiar,
1247 1822 1315 1876 nan
1332 1814 1447 1877 sinam.

307 1998 311 2002 ‚
350 1922 476 2000 Magna
497 1920 547 1980 dis
567 1918 806 1980 immortalibus
830 1917 985 1980 habenda
1004 1928 1055 1980 est
1075 1927 1174 1999 atque
1197 1918 1272 1979 huic
1293 1919 1358 1999 ipsi
1379 1919 1450 1981 Iovi
1506 1961 1509 1968 -

348 2024 480 2094 Statori,
498 2022 727 2104 antiquissima
743 2022 872 2083 castadi
888 2022 984 2083 huius
1001 2021 1100 2096 urbis,
1118 2021 1234 2102 gratia,
1252 2023 1341 2103 quod
1364 2022 1450 2084 hanc

312 2154 338 2185 ιο
347 2138 414 2190 tam
431 2136 582 2198 taetram,
599 2136 667 2187 tam
687 2125 886 2198 horribilem,
903 2135 1038 2205 tamque
1052 2126 1209 2187 infastam
1229 2136 1277 2188 rei
1297 2127 1450 2206 pablicae

349 2242 476 2313 pestem
504 2231 625 2292 totians
652 2229 717 2290 iam
743 2229 933 2307 effagimus.
983 2230 1061 2289 Nan
1088 2238 1139 2291 est
1166 2229 1299 2310 saepius
1326 2230 1359 2290 in
1385 2237 1451 2291 ana

349 2336 482 2398 homine
498 2354 628 2397 summa
651 2332 740 2396 saliis
757 2332 975 2414 periclitanda
991 2342 1039 2395 rei
1056 2332 1216 2414 pablicae.
1264 2332 1373 2415 Quam
1395 2333 1448 2395 diu

349 2438 429 2500 mihi
448 2438 576 2500 cansuli
597 2438 781 2517 designato,
800 2437 951 2511 Catilina,
975 2437 1148 2498 insidiatus
1165 2457 1210 2511 es,
1229 2445 1295 2499 nan
1318 2439 1451 2518 pablico

349 2550 402 2603 ma
418 2542 583 2622 praesidia
598 2542 656 2603 sed
673 2548 801 2621 privata
818 2540 989 2621 diligentia
1006 2541 1151 2602 defendi.
1192 2542 1276 2604 Cum
1294 2543 1450 2623 proximis

313 2673 338 2720 15
349 2646 489 2708 comitiis
516 2630 744 2707 cansularibus
768 2651 821 2705 ma
847 2644 1016 2706 eansulem
1040 2645 1073 2704 in
1098 2653 1217 2725 campa
1240 2654 1273 2707 et
1297 2654 1451 2726 competi-

292 2791 295 2796 ·
349 2757 436 2812 taras
458 2756 533 2811 tuas
555 2748 738 2810 interficere
755 2748 897 2822 voluisti,
913 2757 1096 2828 compressi
1111 2756 1249 2810 canatas
1268 2756 1343 2811 tuos
1364 2750 1461 2818 neia-⁴

349 2855 415 2915 rias
441 2861 622 2914 amicarum
649 2851 813 2932 praesidia
840 2861 873 2913 et
900 2853 1004 2932 capiis
1031 2852 1122 2914 millo
1148 2854 1292 2914 tumulti]
1322 2853 1452 2932 pablica

350 2947 534 3032 concitat6;
558 2955 711 3037 danique,
729 2954 1025 3044 quotianscumque
1042 2963 1095 3017 me
1111 2965 1232 3037 petisti,
1250 2976 1308 3037 per
1325 2964 1379 3019 me
1395 2957 1451 3020 tibi

350 3061 471 3135 obstiti,
492 3079 694 3141 quamquam
717 3059 871 3122 videbam
895 3059 1076 3140 perniciem
1100 3079 1208 3121 meam
1231 3078 1307 3122 cum
1331 3066 1452 3141 magna

313 3194 341 3224 20
351 3164 538 3228 calamitate
554 3173 601 3226 rei
617 3164 768 3244 pablicae
785 3182 858 3224 esse
875 3162 1095 3225 conianctam.
1142 3163 1241 3225 Nunc
1257 3163 1322 3225 iam
1339 3171 1452 3246 aperta

351 3289 421 3331 rem
456 3268 620 3348 pablicam
653 3268 841 3330 aniversam
872 3266 967 3347 petis,
998 3267 1125 3347 templa
1156 3267 1292 3329 dearum
1325 3269 1453 3331 immor·

352 3372 476 3444 talium,
492 3379 580 3434 tecta
595 3371 693 3444 urbis,
711 3380 811 3432 vitam
830 3369 979 3433 omnium
995 3371 1125 3446 civium,
1145 3353 1275 3433 ltaliam
1291 3379 1395 3434 tatam
1412 3371 1452 3434 ad

352 3476 485 3537 exitium
503 3485 537 3537 et
552 3476 740 3536 vastitatem
756 3480 865 3536 vocas,
892 3538 894 3543 ,

398 3580 540 3661 Quare,
570 3579 725 3660 quoniam
753 3577 787 3639 id
812 3576 901 3659 quod
926 3588 977 3641 est
1004 3588 1156 3659 primum,
1181 3588 1216 3642 et
1240 3578 1328 3660 quod
1355 3579 1453 3641 huius

316 3683 484 3764 25imperii
503 3682 764 3763 disciplinaeque
785 3682 947 3744 maiarum
967 3683 1139 3763 proprium
1163 3693 1223 3756 est,
1240 3683 1353 3746 facere
1376 3691 1454 3746 nan·

355 3788 434 3849 dum
450 3786 566 3861 auderi,
584 3785 705 3848 faciam
721 3784 754 3848 id
771 3786 860 3868 quod
877 3796 928 3848 est
945 3786 986 3847 ad
1004 3787 1214 3849 severitatem
1231 3787 1337 3849 lenius
1356 3797 1391 3849 et
1412 3786 1453 3849 ad

355 3898 565 3953 commanem
590 3889 730 3952 salatem
757 3889 878 3952 atilius.
921 3891 1016 3973 ,Nam
1040 3899 1068 3952 si
1093 3897 1127 3953 ta
1151 3891 1292 3966 interfici
1318 3892 1451 3963 iussera,

356 3992 511 4057 residabit
526 3992 559 4054 in
576 4000 612 4055 ra
628 3992 903 4075 publicareliqua
918 3994 1163 4056 coniaratorum
1181 4014 1316 4070 manus3
1341 4003 1391 4057 sin
1403 3997 1452 4067 ta,
