3375 4775
332 576 392 623 100
684 573 861 625 ORATIONS
884 573 928 624 OF
951 571 1078 623 CICERO

328 765 400 807 rum
420 766 529 827 neque
550 747 665 809 audies
680 747 786 810 virum
803 748 928 810 bonum
945 767 1145 829 quemquam
1163 768 1271 829 neque
1287 746 1430 810 videbis!

329 850 386 911 Ad
403 850 499 911 huius
516 860 603 913 vitae
619 851 764 913 studium
782 852 931 914 meditati
946 851 994 913 illi
1009 861 1087 913 sunt
1103 861 1159 932 qui
1175 851 1330 913 feruntur
1347 851 1432 913 laba

329 962 380 1016 res
405 962 461 1028 tui,
487 953 595 1016 iacere
621 954 714 1016 humi
740 963 806 1016 min
831 957 936 1017 sulum
961 955 1003 1017 ad
1031 954 1252 1016 obsidendum
1280 965 1429 1034 stuprum

328 1066 443 1121 verum
467 1058 566 1119 etiam
587 1058 629 1119 ad
650 1058 781 1120 facinus
802 1059 1004 1134 obeundum,
1021 1058 1158 1139 vigilare
1179 1066 1244 1118 nim
1265 1058 1371 1120 sirium
1388 1066 1432 1118 in-

307 1163 505 1236 ssidiantem
524 1170 642 1224 somni)
661 1171 851 1224 maritarum
869 1171 984 1225 verum
1004 1162 1104 1224 etiam
1123 1161 1218 1223 bonis
1239 1162 1430 1224 utiusurum.

331 1268 446 1328 Habes
459 1267 515 1329 ubi
527 1274 674 1329 ostentes
687 1276 777 1329 tuam
791 1267 880 1329 illam
895 1268 1099 1347 praeclaram
1113 1265 1309 1347 patientiam
1321 1266 1430 1339 famis,

329 1371 470 1452 frigoris,
495 1371 628 1452 inopiae
652 1378 761 1433 rerum
785 1371 942 1445 omnium,
964 1370 1084 1452 quibus
1107 1378 1141 1432 te
1163 1369 1257 1431 brevi
1279 1380 1431 1449 tempore

329 1476 519 1537 cunfectum
543 1495 618 1537 esse
641 1474 774 1537 senties.
821 1475 968 1538 Tantum
996 1474 1125 1554 prefeci
1147 1482 1227 1549 tum,
1252 1492 1328 1535 cum
1356 1479 1431 1534 tea

329 1580 503 1641 cunsulatu
527 1579 667 1659 reppuli,
693 1588 728 1641 ut
753 1580 848 1641 exsul
871 1580 981 1659 potius
1004 1584 1168 1657 temptare
1192 1596 1293 1657 quam
1318 1576 1432 1638 cunsul

292 1708 318 1740 10
328 1690 447 1744 vexare
472 1702 540 1744 rem
565 1682 731 1761 publicam
758 1689 883 1762 posses,
902 1692 1002 1763 atque
1026 1689 1062 1742 ut
1084 1680 1118 1741 id
1140 1679 1229 1761 quod
1252 1689 1340 1741 esset
1359 1686 1380 1740 a
1400 1686 1432 1741 te

330 1785 488 1847 scelerate
504 1795 696 1866 susceptum
716 1785 923 1847 latrucinium
943 1786 1053 1866 potius
1073 1805 1174 1867 quam
1190 1783 1316 1847 bellum
1332 1782 1432 1846 numi-

329 1895 472 1953 naretur.

704 2072 917 2146 PERORAT10‚
946 2088 1047 2149 11-13

329 2242 352 2303 I
366 2264 450 2305 seem
467 2253 499 2305 to
513 2241 866 2321 laeartlzefatlterland
878 2242 1090 2324 reproacln'ng
1103 2243 1223 2325 mesor
1234 2263 1290 2322 my
1306 2241 1433 2304 remiss-

830 2366 910 2408 nass

375 2537 423 2578 11.
458 2517 566 2592 Nunc,
591 2526 626 2578 ut
650 2524 669 2577 a
693 2523 755 2590 me,
781 2524 892 2596 patres
921 2525 1108 2597 eunscripti
1133 2516 1301 2599 quandam
1327 2536 1431 2597 prope

328 2623 450 2682 iustam
468 2621 593 2700 patriae
607 2619 847 2702 querimuniam
863 2620 1008 2682 derester
1021 2640 1059 2682 ac
1075 2620 1245 2700 deprecer,
1260 2620 1430 2700 percipite,

293 2731 462 2805 15quaes6,
481 2723 656 2803 diligenter
672 2744 757 2805 quae
776 2725 894 2799 dicam,
911 2735 945 2786 et
967 2744 1005 2785 ea
1024 2725 1158 2805 penitus
1178 2724 1296 2786 animis
1313 2735 1431 2787 vestris

330 2827 561 2908 mentibusque
578 2827 742 2889 mandate.
791 2828 923 2913 Etenim
937 2837 966 2890 si
979 2835 1107 2889 mecum
1121 2826 1238 2908 patria,
1252 2848 1338 2908 quae
1352 2828 1431 2889 mihi

328 2938 396 2993 vita
413 2939 485 2992 mea
503 2931 607 2993 multi)
622 2941 673 2993 est
688 2932 802 3005 carior,
817 2941 844 2993 si
860 2939 980 2994 cuncta
998 2917 1105 3006 italia,
1118 2940 1147 2993 si
1162 2929 1270 2993 omnis
1283 2939 1336 2993 res
1353 2931 1431 3012 pub-

329 3034 392 3096 lica
407 3034 579 3116 loquatur:

374 3144 381 3169 ‘
395 3140 440 3200 M.
455 3139 552 3213 Tulli,
567 3139 646 3220 quid
659 3139 754 3220 agis?
799 3140 897 3202 Tune
909 3160 985 3202 eum
998 3159 1097 3221 quem
1110 3159 1184 3202 esse
1197 3139 1330 3202 hostem
1347 3160 1432 3203 com-

290 3272 318 3304 20
330 3243 452 3322 peristi,
471 3263 570 3323 quem
593 3243 712 3304 ducem
736 3242 815 3304 belli
836 3243 987 3305 futurum
1006 3243 1109 3317 vides,
1127 3263 1226 3325 quem
1246 3251 1431 3324 exspectari

329 3348 563 3428 imperattirem
586 3345 620 3407 in
644 3355 760 3408 castris
784 3346 929 3409 hostium
954 3356 1065 3421 sentis
1091 3355 1259 3409 aucturem
1287 3348 1430 3421 sceleris,

332 3451 515 3531 principem
543 3449 788 3525 coniuratirinis,
817 3458 1024 3512 evocatbrem
1054 3458 1221 3513 servirrum
1251 3459 1284 3512 et
1311 3451 1431 3513 civium

331 3554 544 3634 perditrirum,
569 3563 658 3616 exire
681 3556 817 3635 patiere,
835 3565 872 3616 ut
896 3555 1011 3617 abste
1035 3563 1100 3616 min
1125 3555 1266 3616 emissus
1289 3574 1329 3617 ex
1351 3555 1431 3616 urbe

331 3657 390 3720 sed
412 3660 580 3721 immissus
603 3660 636 3720 in
660 3658 776 3720 urbem
804 3678 878 3721 esse
904 3658 1076 3720 videatur?
1132 3659 1254 3719 Nunne
1282 3658 1371 3720 hunc
1399 3659 1430 3718 in

292 3789 318 3836 25
331 3764 461 3825 vincula
485 3763 570 3837 duci,
595 3770 661 3824 nim
689 3762 731 3824 ad
756 3771 894 3825 mortem
919 3772 999 3842 rapi,
1025 3769 1090 3822 nim
1115 3769 1246 3823 summi)
1269 3762 1432 3843 supplicii>

331 3875 469 3929 mactari
494 3865 695 3947 imperabis?
752 3866 842 3947 Quid
869 3867 1004 3928 tandem
1033 3873 1065 3927 te
1092 3864 1252 3945 impedit?
1311 3866 1431 3927 Mbsne

331 3969 514 4032 mairirum?
560 3971 608 4033 At
631 3990 793 4052 persaepe
817 3969 916 4032 etiam
942 3976 1060 4049 privati
1085 3970 1119 4030 in
1147 3968 1209 4031 hac
1237 3975 1272 4030 re
1299 3968 1430 4049 priblicai
