3375 4775
355 578 416 624 222
707 574 884 624 ORATlONS
907 574 951 623 OF
975 573 1102 623 CICERO

353 748 435 810 tium
452 756 584 830 tempus
594 758 645 811 est
660 749 749 831 quod
763 758 840 830 post
856 748 1035 811 adventum
1048 749 1130 812 Vari
1142 750 1177 810 in
1189 746 1311 811 Africa
1323 749 1452 825 restitit;

354 852 443 933 quod
460 853 488 914 si
507 862 557 915 est
580 852 804 927 criminosum,
821 852 1030 915 necessitatis
1043 852 1168 915 crimen
1185 862 1246 925 est,
1264 873 1332 914 non
1348 853 1455 915 volun·

353 957 441 1018 tatis.
488 957 545 1019 An
561 956 625 1031 ille,
637 956 665 1019 si
681 956 844 1038 potuisset
860 955 926 1018 ullo
940 956 1038 1019 modo
1055 956 1207 1032 evadere,
1221 957 1345 1021 Uticae
1361 976 1454 1039 quarn

356 1061 493 1136 Rornae,
510 1080 584 1123 cum
611 1061 644 1123 P.
663 1061 758 1123 Attio
781 1080 881 1142 quam
906 1080 981 1124 cum
1005 1060 1272 1123 concordissimis
1289 1060 1454 1137 fratribus,

332 1187 429 1243 5cum
453 1166 568 1229 alienis
600 1185 795 1248 essequam
829 1185 905 1228 cum
936 1165 1004 1228 suis
1035 1166 1231 1229 maluisset?
1278 1166 1365 1231 Cum
1389 1168 1456 1249 ipsa

354 1273 476 1355 legatio
508 1274 607 1355 plena
644 1273 799 1336 desiderii
829 1294 867 1337 ac
899 1274 1130 1337 sollicitudinis
1166 1274 1286 1338 fuisset
1325 1285 1457 1357 propter

353 1378 579 1441 incredibilem
604 1379 770 1460 quendam
795 1380 934 1441 fratrum
959 1399 1116 1454 amorem,
1139 1380 1192 1442 hic
1216 1400 1325 1471 aequo
1349 1378 1455 1441 animo

354 1503 428 1546 esse
444 1484 561 1564 potuit,
578 1484 656 1547 belli
678 1484 815 1547 discidio
831 1485 1010 1548 distractus
1026 1506 1046 1547 a
1062 1483 1240 1548 fratribus?

398 1588 535 1650 Nullum
551 1590 652 1669 igitur
669 1590 781 1665 habeS,
800 1590 932 1665 Caesar,
947 1590 1056 1652 adhuc
1072 1589 1107 1652 in
1120 1589 1160 1672 Q.
1177 1590 1314 1671 Ligario
1327 1589 1455 1671 signum

318 1717 345 1747 10
354 1692 482 1756 alienae
505 1714 525 1755 a
547 1702 580 1755 te
610 1693 808 1770 voluntatis;
844 1695 937 1756 cuius
961 1714 1024 1775 ego
1055 1714 1189 1757 causam
1220 1695 1456 1769 animadverte,

354 1817 487 1878 quaeso
505 1817 570 1879 qua
593 1797 659 1860 fide
682 1797 872 1873 defendam,
897 1798 1002 1880 prodo
1026 1805 1144 1861 meam.
1192 1798 1223 1863 O
1247 1799 1455 1861 clementiam

354 1901 582 1964 admirabilem
609 1911 708 1983 atque
739 1904 888 1965 omnium
920 1902 1028 1978 laude,
1054 1902 1312 1984 praedicatione,
1345 1902 1455 1967 litteris

354 2008 646 2087 monumentisque
681 2006 913 2083 decorandam,
946 2026 1022 2069 cum
1055 2008 1101 2069 M.
1143 2008 1259 2071 Cicero
1298 2008 1390 2089 apud
1426 2018 1455 2070 te

354 2110 505 2172 defendit
528 2109 628 2171 alium
652 2110 685 2171 in
709 2130 749 2172 ea
771 2111 943 2173 voluntate
963 2130 1029 2173 non
1047 2110 1151 2173 fuisse
1167 2110 1201 2173 in
1218 2131 1284 2192 qua
1301 2132 1337 2175 se
1352 2112 1455 2193 ipsum

319 2237 342 2283 ιε
354 2213 530 2277 confitetur
543 2213 656 2289 fuisse,
671 2234 731 2276 nec
748 2223 823 2276 tuas
834 2215 951 2277 tacitas
964 2214 1184 2295 cogitationes
1196 2216 1383 2279 extimescit
1399 2234 1455 2277 nec

355 2317 433 2399 quid
449 2318 509 2380 tibi
525 2317 565 2380 de
582 2316 647 2380 alio
664 2318 812 2381 audienti
827 2318 870 2381 de
885 2338 922 2381 se
938 2319 1011 2401 ipso
1027 2327 1179 2381 occurrat
1194 2319 1401 2386 reformidat.

358 2568 393 2631 O‘
412 2570 466 2632 tlte
488 2571 675 2651 worzdersul
700 2571 858 2652 clemency
879 2572 921 2652 of
946 2569 1070 2634 Cacsar
1092 2572 1165 2634 and
1191 2571 1245 2634 tlze
1276 2571 1457 2654 wonderful

556 2674 677 2755 cruelty
699 2675 771 2737 and
792 2674 1024 2756 inconsistency
1046 2677 1086 2756 os
1107 2675 1256 2738 Tubero!

399 2855 427 2912 3.
459 2837 546 2900 Vide
562 2857 662 2920 quam
680 2858 746 2900 non
762 2838 986 2914 reformidem,
1004 2839 1079 2902 vide
1101 2849 1226 2921 quanta
1243 2840 1299 2901 lux
1322 2840 1456 2902 liberali·

354 2940 431 3003 tatis
463 2950 497 3003 et
527 2943 710 3022 sapientiae
734 2951 811 3004 tuae
843 2943 923 3004 mihi
948 2943 1038 3024 apud
1066 2952 1098 3005 te
1126 2943 1248 3005 dicenti
1272 2944 1455 3018 oboriatur;

355 3054 515 3126 quantum
532 3056 657 3127 potero,
675 3066 757 3109 voce
773 3046 974 3109 contendam
991 3057 1028 3109 ut
1044 3047 1105 3109 hoc
1122 3048 1266 3129 populus
1288 3049 1456 3110 Romanus

317 3149 517 3211 zoenaudiat.
566 3149 729 3231 Suscepto
759 3150 857 3224 bello,
887 3151 1019 3225 Caesar,
1045 3160 1140 3231 gesto
1164 3151 1262 3213 etiam
1294 3171 1335 3215 ex
1367 3161 1457 3234 parte

356 3272 487 3333 magna,
504 3254 595 3314 nulla
618 3253 650 3315 vi
674 3263 816 3328 coactus,
835 3253 955 3317 iudicio
983 3275 1021 3317 ac
1043 3255 1213 3317 voluntate
1238 3255 1279 3317 ad
1304 3275 1345 3318 ea
1370 3276 1458 3318 arma

355 3357 526 3450 profectus
544 3377 615 3419 sum
633 3378 718 3438 quae
734 3366 830 3420 erant
852 3368 985 3439 sumpta
1004 3368 1120 3421 contra
1144 3368 1186 3422 te.
1233 3358 1340 3440 Apud
1362 3380 1457 3442 quem

355 3462 455 3543 igitur
479 3464 540 3525 hoc
565 3464 660 3526 dico?
708 3466 840 3546 Nempe
865 3464 954 3545 apud
978 3485 1063 3539 eum,
1084 3466 1140 3546 qui
1164 3485 1239 3527 cum
1263 3465 1327 3529 hoc
1352 3464 1456 3538 sciret,

355 3577 465 3631 tamen
483 3589 545 3643 me,
563 3580 739 3651 antequam
757 3570 848 3644 vidit,
866 3570 913 3633 rei
929 3570 1083 3651 publicae
1099 3570 1260 3646 reddidit3
1284 3568 1342 3652 qui
1353 3570 1396 3633 ad
1408 3589 1457 3632 me

318 3695 344 3743 25
355 3694 395 3736 ex
410 3674 570 3758 Aegypto
593 3675 719 3738 litteras
736 3675 832 3750 misit,
851 3684 887 3737 ut
910 3696 1017 3739 essem
1035 3675 1123 3739 idem
1140 3675 1197 3757 qui
1218 3675 1380 3753 fuissem;
1405 3675 1457 3759 qui

355 3798 428 3840 cum
454 3781 526 3859 ipse
549 3780 729 3860 imperator
751 3781 785 3840 in
809 3789 879 3842 toto
902 3780 1041 3860 imperio
1066 3780 1180 3861 populi
1206 3781 1352 3844 Romani
1376 3801 1457 3844 unus

355 3892 453 3956 esset,
471 3902 544 3945 esse
562 3903 614 3946 me
630 3883 768 3946 alterum
782 3904 900 3964 passus
917 3894 988 3959 est;
1013 3904 1032 3945 a
1049 3905 1122 3965 quo,
1139 3885 1201 3946 hoc
1211 3885 1286 3965 ipso
1301 3886 1338 3950 C.
1355 3887 1458 3948 Pansa

356 3986 436 4048 mihi
460 3985 611 4049 nuntium
636 3987 835 4069 perferente,
854 4007 1030 4050 concessos
1047 3988 1157 4050 fasces
1173 3987 1344 4054 laureatos
1360 3990 1456 4061 tenui,
