3375 4775
516 582 634 639 rutro
657 582 818 641 ORATION
840 582 993 641 retrusi·
1015 583 1182 640 eruimur
1343 588 1378 658 13
1384 585 1400 658 3

290 757 377 828 illud
394 769 538 846 signum,
556 765 646 847 quod
662 764 790 840 videtis,
809 765 887 827 solis
904 775 1011 827 ortum
1029 774 1062 827 et
1084 765 1193 827 forum
1210 764 1402 847 curiamque

292 871 514 950 conspiceret,
532 869 605 932 iore
622 876 658 930 ut
673 889 712 931 ea
729 869 876 943 consilia,
894 890 979 950 quae
998 869 1083 931 clam
1101 879 1212 932 essent
1231 868 1312 931 inita
1329 889 1403 931 con·

292 981 347 1036 tra
363 974 505 1036 salutem
522 972 613 1035 urbis
629 982 728 1054 atque
745 972 883 1053 imperii,
903 973 1167 1047 inlustrarentur,
1185 982 1221 1035 ut
1240 980 1259 1035 a
1283 980 1400 1036 senatu

293 1078 488 1160 populoque
505 1078 659 1140 Romano
675 1078 820 1158 perspici
836 1086 982 1157 possent.
1031 1077 1145 1158 Atque
1165 1078 1247 1139 illud
1269 1087 1401 1157 signum

294 1181 540 1243 conlocandum
557 1182 709 1243 consules
725 1180 772 1242 illr
788 1180 998 1255 locaverunt3
1023 1181 1081 1243 sed
1103 1191 1196 1243 tanta
1212 1182 1276 1243 iuit
1291 1182 1401 1262 operis
1425 1206 1436 1253 5

293 1284 434 1347 tarditas
450 1293 488 1347 ut
503 1304 614 1366 neque
631 1284 856 1365 superioribus
878 1284 1071 1348 consulibus
1088 1305 1196 1367 neque
1212 1284 1308 1347 nobis
1322 1286 1402 1347 ante

295 1388 494 1452 hodiernum
512 1389 601 1451 diem
618 1389 856 1471 conlocaretur.

498 1644 636 1725 Jupiter
649 1644 679 1705 is
693 1665 755 1705 eur
761 1652 922 1725 protector
934 1644 1006 1705 and
1012 1644 1190 1726 guardian.

340 1830 370 1889 9.
404 1811 472 1872 Hic
488 1809 563 1890 quis
576 1817 686 1889 potest
702 1799 785 1882 esse,
802 1807 958 1889 Quirites
972 1820 1039 1869 tam
1053 1814 1189 1869 aversus
1202 1814 1220 1868 a
1233 1815 1320 1882 vero,
1334 1817 1401 1870 tam

296 1933 470 1995 praeceps
494 1922 564 1974 tam
587 1921 698 1975 mente
721 1921 849 1993 captus
872 1921 929 1992 qui
951 1922 1053 1991 neget
1077 1912 1159 1973 haec
1183 1913 1294 1973 omnia
1318 1931 1402 1993 quae

296 2019 448 2080 videmus
476 2015 720 2097 praecipueque
751 2016 838 2079 hanc
866 2016 980 2077 urbem
1005 2016 1141 2079 deorum
1168 2015 1402 2078 immortalium
1415 2045 1441 2075 10

296 2129 380 2183 nutu
401 2141 440 2183 ac
460 2127 626 2201 potestate
642 2120 886 2182 administrari?
934 2120 1066 2182 Etenim
1089 2140 1163 2182 cum
1180 2129 1269 2182 esset
1292 2121 1337 2181 ita
1357 2141 1403 2181 re·

296 2233 469 2307 sponsum,
483 2224 611 2300 caedes,
625 2225 788 2298 incendia,
803 2224 972 2287 interitum
985 2235 1032 2287 rei
1045 2225 1196 2305 publicae
1209 2231 1401 2304 comparari,

295 2342 329 2394 et
351 2349 392 2392 ea
411 2349 471 2412 per
492 2336 589 2404 cives,
608 2349 693 2410 quae
716 2337 786 2391 tum
803 2338 941 2410 propter
961 2328 1224 2410 magnitudinem
1242 2328 1400 2392 scelerum

298 2443 366 2496 non
384 2434 483 2497 nullis
499 2433 703 2495 incredibilia
719 2433 926 2507 videbantur,
944 2453 983 2495 ea
1005 2441 1071 2495 non
1096 2435 1194 2495 modo
1215 2433 1361 2514 cogitata
1384 2440 1403 2494 a

296 2539 436 2601 nefariis
453 2538 589 2613 civibus,
602 2545 718 2600 verum
735 2538 834 2600 etiam
852 2547 1007 2617 suscepta
1024 2558 1096 2601 esse
1113 2538 1271 2599 sensistis.
1316 2537 1402 2598 Illud
1416 2566 1439 2613 ις

296 2651 378 2707 vero
396 2651 508 2707 nonne
527 2645 573 2706 ita
596 2649 755 2724 praesens
778 2650 830 2704 est
853 2651 890 2703 ut
911 2648 993 2703 nutu
1019 2642 1108 2703 Iovis
1131 2641 1248 2722 optimi
1271 2642 1404 2703 maximi

297 2749 426 2811 iactum
437 2767 516 2811 esse
532 2747 692 2822 videatur,
706 2756 751 2822 ut,
765 2766 840 2808 cum
859 2747 1019 2808 hodierno
1035 2746 1087 2807 die
1104 2752 1201 2808 mane
1219 2766 1277 2826 per
1294 2746 1402 2807 forum

298 2861 375 2916 meo
402 2853 492 2916 iussu
521 2861 555 2915 et
577 2853 740 2914 coniurati
766 2859 800 2914 et
823 2859 937 2913 eorum
962 2850 1088 2912 indices
1112 2850 1144 2910 in
1172 2849 1289 2912 aedem
1318 2849 1401 2911 Con-

298 2957 433 3020 cordiae
456 2958 665 3031 dsscerentur,
690 2964 730 3018 eo
754 2955 827 3036 ipso
849 2964 1000 3035 tempore
1024 2964 1155 3034 signum
1181 2953 1402 3015 statueretur?

299 3062 378 3144 Quo
401 3061 575 3124 conlocato
597 3069 697 3143 atque
721 3060 763 3122 ad
784 3067 843 3122 vos
868 3066 1087 3139 senatumque
1110 3065 1270 3120 converso
1293 3057 1442 3119 omnia20

299 3187 386 3249 quae
410 3175 505 3229 erant
528 3172 643 3229 contra
664 3164 806 3227 salutem
830 3164 977 3226 omnium
1002 3163 1155 3243 cogitata,
1173 3161 1347 3223 inlustrata
1370 3171 1403 3223 et

299 3270 471 3353 patefacta
485 3269 622 3332 vidistis

344 3376 422 3458 Quo
441 3376 540 3437 etiam
559 3373 684 3436 maiore
703 3381 782 3435 sunt
801 3372 856 3434 isti
876 3373 953 3434 odio
977 3370 1207 3452 supplicioque
1231 3370 1324 3449 digni
1347 3379 1403 3450 qui

300 3489 366 3544 non
385 3480 491 3543 solum
508 3488 626 3542 vestris
642 3477 816 3541 domiciliis
833 3486 934 3557 atque
951 3483 1055 3549 tectis,
1074 3475 1132 3537 sed
1149 3475 1248 3536 etiam
1266 3475 1402 3535 deorum

299 3584 434 3664 templis
452 3593 553 3665 atque
572 3582 718 3645 delubris
740 3590 818 3645 sunt
840 3581 993 3642 funestos
1015 3600 1054 3641 ae
1075 3579 1220 3640 nefarios
1241 3585 1336 3658 ignes
1358 3587 1439 3654 in-25

300 3690 388 3752 ferre
412 3693 531 3750 conati.
579 3686 711 3768 Quibus
734 3706 798 3767 ego
820 3695 849 3748 si
869 3691 922 3745 me
944 3683 1104 3746 restitisse
1126 3681 1241 3756 dicam,
1265 3683 1401 3743 nimium

300 3793 382 3854 mihi
405 3799 535 3855 sumam
558 3799 592 3852 et
616 3799 681 3853 non
706 3791 767 3852 sim
791 3789 971 3863 ferendus;
996 3787 1060 3861 ille,
1083 3787 1137 3848 ille
1163 3785 1315 3866 Iuppiter
1335 3807 1399 3848 res·

299 3898 364 3960 titit
374 3918 382 3974 ;
407 3895 462 3958 ille
480 3893 691 3974 Capitolium,
708 3893 764 3955 ille
780 3893 864 3956 haec
879 3893 1014 3972 templa,
1032 3892 1087 3953 ille
1104 3898 1257 3952 cunctam
1275 3889 1400 3963 urbem,

298 4001 352 4065 ille
376 4009 437 4063 vos
459 4005 578 4062 omnes
601 3997 710 4060 salvos
734 4017 809 4060 esse
829 3996 942 4059 voluit,
992 3996 1053 4057 Dis
1077 4014 1140 4074 ego
1163 3992 1402 4056 immortalibus
