3375 4775
347 574 407 636 116
697 584 873 635 omnious
895 585 939 635 or
962 561 1090 635 eremo

342 758 529 839 lentiusque
552 759 725 820 iactarunt.
774 758 822 819 Hi
844 757 922 819 dum
947 757 1123 821 aedificant
1147 767 1316 840 tamquam
1342 757 1441 835 beati,

341 861 419 923 dum
437 861 581 942 praediis
597 862 699 936 lectiS,
718 860 851 922 familiis
870 868 1007 941 magnis,
1026 863 1183 923 conviviis
1203 869 1374 943 apparatis
1391 864 1443 925 de·
1503 852 1510 869 ²

342 965 514 1039 lectantur,
532 965 565 1025 in
581 973 710 1026 tantum
727 984 783 1026 aes
800 964 943 1025 alienum
960 964 1146 1028 inciderunt
1163 976 1207 1041 ut,
1226 976 1253 1028 si
1269 965 1353 1027 salvi
1368 987 1442 1029 esse

341 1069 452 1142 veiint,
478 1069 570 1132 Sulla
593 1067 636 1130 sit
658 1069 697 1130 iis
721 1067 762 1129 ab
786 1068 902 1130 inieris
926 1067 1139 1146 excitandus;
1171 1079 1228 1151 qui
1251 1070 1351 1132 etiam
1376 1078 1442 1132 non

321 1174 450 1245 snullos
473 1179 621 1253 agrestes
646 1171 795 1234 homines
819 1179 937 1234 tenues
962 1181 1060 1254 atque
1084 1181 1222 1254 egentes
1244 1175 1278 1235 in
1301 1174 1442 1237 eandem

341 1277 430 1339 illam
462 1297 556 1357 spem
587 1284 777 1356 rapinarum
808 1287 958 1340 veterum
988 1278 1200 1358 impulerunt.
1252 1278 1347 1359 Quos
1378 1298 1442 1359 ego

342 1389 499 1461 utrosque
530 1380 563 1441 in
594 1380 711 1443 eodem
746 1400 869 1460 genere
904 1381 1136 1462 praedatorum
1171 1381 1441 1464 direptorumque

342 1492 439 1566 pono,
458 1484 516 1547 sed
532 1492 589 1546 eos
606 1484 668 1546 hoc
685 1491 814 1558 moneo,
831 1484 985 1546 desinant
1001 1485 1112 1547 furere
1128 1505 1166 1547 ac
1183 1486 1442 1566 proscriptiones

341 1598 374 1651 et
401 1589 581 1650 dictaturas
609 1587 762 1667 cogitare.
822 1589 951 1650 Tantus
979 1590 1067 1649 enim
1095 1589 1224 1651 illorum
1252 1598 1441 1668 temporum

305 1719 332 1750 ιο
341 1691 433 1753 dolor
449 1692 579 1754 inustus
594 1700 645 1753 est
661 1691 785 1753 civitati
797 1700 832 1753 ut
848 1693 913 1753 iam
929 1693 993 1753 ista
1009 1699 1075 1753 non
1092 1692 1191 1754 modo
1207 1692 1369 1767 homines,
1384 1692 1441 1754 sed

341 1801 383 1856 ne
400 1795 544 1875 pecudes
559 1795 693 1876 quidem
709 1793 790 1855 mihi
806 1802 966 1875 passurae
983 1815 1056 1857 esse
1072 1795 1256 1857 videantur.

444 2010 642 2093 Thesauro
663 2012 748 2073 class
771 2011 906 2074 conszsts
930 2013 970 2093 of
984 2013 1127 2093 hopeless
1150 2012 1338 2093 bankrupts.

386 2185 432 2229 ιο.
466 2166 630 2247 Quartum
646 2186 753 2247 genus
770 2175 821 2228 est
837 2174 917 2228 sane
933 2166 1059 2228 varium
1076 2176 1110 2229 et
1125 2176 1261 2229 mixtum
1279 2177 1313 2229 et
1331 2168 1441 2230 turbu·

341 2270 477 2345 lentum,
502 2278 558 2351 qui
580 2269 645 2331 iam
669 2270 796 2350 pridem
823 2279 1025 2351 premuntur,
1051 2279 1108 2351 qui
1132 2290 1313 2351 numquam
1341 2277 1441 2333 emer-

340 2384 432 2455 gunt,
445 2382 502 2456 qui
511 2372 630 2454 partim
641 2372 768 2449 inertia,
780 2374 898 2454 partim
910 2374 996 2436 male
1008 2374 1156 2455 gerendo
1167 2369 1256 2455 nego
1272 2374 1309 2450 ’ὀ,
1321 2374 1440 2456 partim

306 2495 330 2543 15
340 2477 440 2539 etiam
459 2477 646 2558 sumptibus
668 2479 701 2538 in
723 2487 834 2540 vetere
856 2498 932 2540 aere
954 2478 1061 2540 alieno
1082 2478 1257 2552 vacillant;
1306 2488 1338 2539 ui
1354 2479 1440 2540 vadi-

341 2581 468 2655 moniis,
485 2580 622 2654 iudiciis
643 2582 884 2662 proscriptione
906 2582 1067 2644 bonorum
1090 2582 1265 2662 defatigati
1287 2583 1441 2662 permulti

340 2694 375 2747 et
397 2705 437 2746 ex
460 2684 541 2746 urbe
564 2693 655 2747 etex
677 2695 765 2764 agris
787 2693 822 2746 se
843 2679 876 2747 in
897 2686 951 2747 ilia
971 2696 1079 2749 eastra
1100 2687 1253 2749 conferre
1274 2687 1437 2749 dicuntur.

342 2789 456 2851 Hosce
479 2808 542 2868 ego
566 2796 721 2852 nontam
742 2790 861 2852 milites
883 2797 976 2852 acres
998 2811 1097 2872 quam
1116 2791 1311 2853 infitiatores
1333 2792 1439 2853 lentos

341 2912 414 2955 esse
436 2893 586 2963 arbitror.
634 2893 701 2974 Qui
724 2894 875 2955 homines
900 2914 999 2974 quam
1027 2903 1178 2974 primum,
1203 2904 1231 2956 si
1258 2901 1346 2956 stare
1373 2902 1439 2956 non

286 3005 490 3076 ·20p0ssunt,
517 3004 681 3070 corruant,
711 2997 769 3058 sed
798 2996 851 3070 ita,
877 3006 913 3058 ut
940 3005 1006 3059 non
1034 2998 1133 3060 modo
1161 2999 1285 3071 civitas
1312 2998 1371 3061 sed
1398 3005 1439 3060 ne

340 3109 438 3161 vicini
454 3099 585 3181 quidem
606 3101 746 3179 proximi
765 3102 918 3162 sentiant.
967 3101 1054 3162 Nam
1075 3100 1156 3162 illud
1180 3109 1246 3162 non
1270 3100 1438 3184 intellego,

340 3223 439 3284 quam
456 3202 499 3265 ob
515 3222 594 3277 rem,
609 3212 636 3264 si
651 3212 761 3265 vivere
776 3203 916 3265 honeste
929 3211 994 3265 non
1012 3212 1162 3284 possunt,
1176 3214 1284 3285 perire
1300 3205 1441 3286 turpiter

339 3305 450 3381 velint,
465 3316 522 3368 aut
537 3314 595 3368 cur
612 3307 737 3369 minore
754 3307 868 3369 dolore
880 3306 1044 3388 perituros
1061 3315 1097 3370 se
1113 3327 1188 3370 eum
1205 3307 1325 3384 multis,
1340 3329 1439 3390 quam

340 3418 369 3471 si
384 3410 445 3471 soii
460 3419 607 3490 pereant,
625 3409 835 3473 arbitrentur.

345 3616 410 3679 The
422 3618 509 3700 fifth
535 3618 619 3680 class
644 3618 780 3679 consists
803 3619 844 3699 of
858 3618 1045 3700 parricides
1071 3620 1143 3681 and
1163 3619 1345 3696 criminals,
1372 3619 1444 3684 and

625 3719 768 3784 Catiline
790 3721 818 3782 is
842 3722 990 3785 welcome
1013 3731 1043 3784 to
1068 3723 1163 3786 them.

303 3898 329 3945 25
385 3875 546 3956 Quintum
574 3895 680 3956 genus
708 3885 759 3938 est
790 3877 1037 3956 parricidarum,
1068 3877 1268 3953 sicariorum,
1297 3877 1440 3960 denique

340 3979 487 4040 omnium
504 3978 774 4042 facinorosorum.
823 3979 917 4061 Quos
938 3998 1002 4060 ego
1022 3987 1041 4042 a
1058 3980 1200 4044 Catilina
1218 3988 1285 4043 non
1301 3990 1439 4059 revoc6;
