3375 4775
503 573 645 625 SFlCOND
667 572 825 625 ORATION
847 573 1001 625 AGAINST
1023 576 1190 627 CATILlNE
1341 585 1398 633 111

292 748 429 831 quidem
446 748 657 830 desperandi,
671 747 730 810 sed
742 756 854 810 tamen
870 758 984 812 essent
995 749 1144 828 ferendi3
1161 752 1224 816 hoc
1235 760 1315 817 vero
1328 754 1401 836 quis

292 852 383 915 ferre
400 850 516 933 possit,
534 852 658 930 inertes
674 851 826 914 homines
847 852 1037 917 fortissimis
1053 856 1132 917 viris
1149 857 1307 934 insidiari,
1325 860 1401 921 stul-

293 956 441 1018 tissimos
466 954 742 1037 prudentissimis,
768 955 916 1019 ebriosos
944 957 1070 1034 sobriis,
1098 959 1300 1024 dormientes
1322 962 1401 1044 vigi-

293 1058 466 1122 lantibus?
513 1058 581 1139 Qui
614 1057 697 1119 mihi
735 1059 938 1123 accubantes
976 1061 1010 1122 in
1041 1065 1209 1139 conviviis,
1238 1067 1403 1148 complexi

294 1163 452 1225 mulieres
475 1162 672 1244 impudicas,
692 1170 769 1224 vino
793 1162 951 1244 languidi,
969 1167 1111 1228 conferti
1134 1168 1217 1246 cibo,
1235 1179 1331 1232 sertis
1355 1190 1402 1233 re·
1424 1196 1436 1244 ς

271 1278 273 1282 “
296 1267 411 1341 dimiti,
425 1275 608 1347 unguentis
631 1265 733 1343 obliti,
751 1266 913 1331 debilitati
932 1280 1055 1351 stupris
1075 1279 1227 1336 eructant
1245 1274 1402 1337 sermoni-

294 1370 357 1433 bus
381 1379 451 1433 suis
475 1370 612 1432 caedem
635 1369 798 1433 bonorum
823 1381 925 1454 atque
948 1373 1039 1437 urbis
1062 1376 1225 1440 incendia.

339 1473 473 1555 Quibus
489 1494 553 1555 ego
569 1475 705 1537 confido
719 1477 914 1557 impendere
935 1478 1042 1542 fatum
1060 1480 1193 1562 aliquod
1209 1491 1243 1544 et
1259 1502 1402 1562 poenam

294 1580 361 1641 iam
384 1579 440 1640 diu
462 1576 676 1659 improbitati,
693 1580 870 1662 nequitiae,
889 1583 1015 1660 sceleri,
1033 1584 1160 1647 libidini
1179 1585 1322 1647 debitam
1345 1595 1403 1648 aut

293 1690 420 1746 instare
439 1683 504 1745 iam
526 1682 625 1764 plane
643 1693 701 1746 aut
720 1692 809 1748 certe
828 1687 1108 1769 appropinquare.
1156 1689 1250 1770 Quos
1265 1699 1297 1751 si.
1308 1709 1401 1753 meus
1415 1720 1441 1751 ιο

294 1786 499 1863 consulatus,
532 1786 689 1869 quoniam
721 1795 839 1854 sanare
871 1799 937 1854 non
970 1802 1090 1874 potest,
1123 1792 1303 1868 sustulerit,
1335 1802 1401 1855 non

292 1892 396 1957 breve
421 1891 535 1956 nescio
558 1894 647 1975 quod
670 1902 814 1977 tempus,
839 1896 898 1959 sed
925 1896 1031 1958 multa
1054 1897 1187 1959 saecula
1211 1897 1402 1978 propagarit

294 2007 343 2060 rei
357 1996 522 2080 publicae.
571 1997 674 2062 Nulla
696 2009 749 2062 est
770 1999 860 2063 enim
883 2000 974 2063 natio
998 2021 1097 2083 quam
1118 2002 1402 2082 pertimescamus,

294 2102 408 2164 nullus
442 2109 500 2164 rex
534 2112 592 2185 qui
625 2102 749 2166 bellum
785 2103 909 2186 populo
949 2105 1101 2166 Romano
1138 2106 1249 2167 facere
1287 2106 1401 2185 possit.

295 2206 422 2272 Omnia
446 2216 525 2270 sunt
546 2217 686 2272 externa
708 2215 806 2270 imius
829 2207 951 2270 virtute
975 2214 1063 2270 terra
1090 2218 1237 2289 marique
1266 2214 1438 2288 pacata;15

295 2311 518 2373 domesticum
537 2310 662 2375 bellum
681 2319 804 2388 manet,
821 2312 912 2374 intus
932 2311 1072 2373 insidiae
1092 2321 1177 2386 sunt,
1195 2310 1284 2373 intus
1303 2310 1404 2373 inclit-

295 2435 369 2478 sum
394 2416 580 2497 periculum
602 2425 664 2492 est,
687 2417 778 2479 intus
800 2424 853 2479 est
875 2416 989 2478 hostis.
1039 2416 1123 2480 Cum
1147 2415 1274 2477 luxuria
1296 2415 1401 2491 nobis,

295 2538 372 2582 cum
395 2521 552 2596 amentia,
574 2539 649 2583 cum
674 2519 800 2583 scelere
823 2519 1018 2582 certandum
1042 2529 1101 2582 est.
1150 2519 1240 2581 Huic
1264 2539 1327 2599 ego
1351 2528 1404 2581 me

294 2621 386 2687 bello
406 2623 527 2687 ducem
549 2624 715 2705 profiteor,
733 2623 900 2706 Quirites3
929 2622 1074 2704 suscipio
1094 2622 1280 2686 inimicitias
1303 2623 1404 2685 homi-

296 2747 377 2790 num
391 2727 606 2809 perditorum.
641 2727 737 2810 Quae
750 2732 862 2789 sanari
874 2735 1041 2808 poterunt,
1055 2733 1265 2808 quacumque
1277 2726 1403 2789 ratione
1413 2756 1441 2787 20

297 2831 445 2907 sanab6;
461 2851 548 2913 quae
560 2832 743 2894 resecanda
759 2838 866 2905 erunt,
881 2838 948 2892 non
961 2831 1068 2911 patiar
1080 2829 1123 2892 ad
1136 2831 1317 2910 perniciem
1331 2830 1404 2892 civi-

296 2936 375 2998 tatis
393 2941 538 2997 manere.
586 2934 728 2998 Proinde
748 2942 805 2996 aut
826 2943 946 2997 exeant
967 2942 1025 2995 aut
1046 2934 1219 3015 quiescant
1241 2943 1307 3008 aut,
1325 2942 1353 2996 si
1371 2944 1404 2996 et

296 3041 331 3101 in
353 3038 437 3102 urbe
458 3048 493 3102 et
512 3037 546 3101 in
568 3038 685 3102 eadem
707 3047 818 3101 mente
838 3046 1047 3119 permanent,
1067 3056 1107 3099 ea
1128 3057 1214 3120 quae
1235 3046 1404 3101 merentur

297 3152 505 3226 exspectent.

298 3326 321 3389 I
331 3325 397 3391 did
407 3335 466 3391 not
478 3325 575 3391 drive
591 3323 735 3392 Catilina
751 3325 819 3389 into
833 3325 926 3388 exile.
973 3324 1028 3386 He
1041 3324 1102 3386 has
1112 3323 1237 3406 joined
1251 3324 1405 3388 Manlius

743 3441 781 3493 at
795 3429 960 3492 Faesulae.

339 3570 369 3634 6.
401 3569 452 3633 At
472 3569 572 3632 etiam
596 3577 672 3632 sunt
695 3577 752 3650 qui
774 3569 897 3642 dicant,
918 3567 1073 3649 Quirites
1093 3573 1113 3628 {t
1134 3574 1187 3628 me
1208 3566 1348 3628 eiectum
1370 3567 1403 3627 in
1415 3593 1440 3640 ις

297 3672 448 3736 exsilium
468 3691 544 3735 esse
563 3671 749 3737 Catilinam.
797 3671 897 3753 Quod
918 3691 982 3752 ego
1004 3680 1032 3732 si
1052 3670 1153 3733 verbo
1174 3671 1312 3751 adsequi
1332 3690 1404 3750 pos-

297 3796 376 3852 sem,
392 3779 476 3840 istos
496 3775 586 3858 ipsos
605 3777 745 3839 cicerem
767 3785 823 3857 qui
848 3775 929 3838 baec
949 3775 1137 3856 loquuntur.
1185 3774 1298 3836 Homo
1315 3775 1403 3836 enim

297 3881 449 3946 videlicet
463 3879 601 3967 timidus
612 3890 669 3942 aut
679 3881 778 3941 etiam
790 3878 1023 3960 permodestus
1033 3886 1147 3940 vocem
1160 3876 1303 3938 consulis
1314 3877 1403 3940 ferre

298 3993 360 4049 non
374 3985 507 4068 potuit;
524 3982 624 4046 simul
635 3992 735 4064 atque
746 3990 795 4045 ire
807 3981 840 4043 in
852 3981 1002 4044 exsilium
1013 3982 1122 4043 iussus
1132 3988 1192 4053 est,
1203 3979 1322 4059 patruit,
1332 3981 1401 4043 ivit.
