3375 4775
583 612 739 662 ouAnou
762 611 831 661 rou
856 610 1065 661 unacuinus
1308 614 1369 679 213

265 810 332 872 que
349 789 519 863 sensisset,
537 786 595 849 sed
618 785 675 848 ubi
697 786 816 848 fuisset
835 785 1049 866 cogitandum
1067 805 1140 848 esse
1153 784 1317 861 dicebant,
1335 796 1372 848 ut

266 894 350 955 mihi
372 892 508 975 quidem
531 890 706 954 videantur
729 890 763 951 di
785 889 998 965 immortales
1026 891 1124 952 etiam
1150 890 1177 951 si
1201 909 1327 972 poenas
1352 911 1371 952 a

266 998 394 1080 populo
426 997 579 1059 Romano
610 994 652 1057 ob
680 993 813 1075 aliquod
847 993 1003 1055 delictum
1042 994 1282 1074 expetiverunt,
1314 994 1370 1075 qui

266 1101 363 1164 civile
387 1099 510 1163 bellum
541 1107 671 1161 tantum
695 1106 819 1160 ettam
844 1096 1032 1159 luctuosum
1055 1097 1292 1172 excitaverunt,
1317 1098 1370 1160 vel

266 1204 393 1287 placati
415 1202 480 1266 iam
503 1202 557 1265 vel
581 1202 690 1265 satiati
714 1201 893 1282 aliquando
917 1221 1050 1263 omnem
1075 1221 1168 1282 spem
1188 1201 1304 1264 salutis
1327 1202 1369 1264 ad
1394 1225 1405 1273 ς

266 1306 478 1373 clementiam
494 1306 628 1370 victoris
640 1315 675 1369 et
690 1304 887 1386 sapientiam
904 1304 1091 1367 contulisse.

312 1412 390 1495 Qua
406 1431 442 1474 re
459 1411 570 1492 gaude
591 1419 647 1473 tuo
663 1408 726 1472 isto
742 1418 809 1471 tam
826 1409 999 1472 excellenti
1014 1408 1101 1471 bono
1118 1420 1151 1472 et
1167 1410 1278 1473 fruere
1294 1429 1369 1472 cum

266 1517 404 1580 fortuna
427 1524 461 1577 et
483 1514 598 1595 gloria,
613 1523 684 1576 tum
700 1514 799 1576 etiam
814 1521 933 1575 natura
944 1522 978 1575 et
994 1513 1139 1575 moribus
1156 1514 1230 1589 tuis,
1248 1534 1288 1577 ex
1304 1535 1369 1596 quo

266 1620 403 1703 quidem
428 1619 589 1682 maximus
612 1627 664 1680 est
682 1617 810 1680 fructus
833 1616 1087 1698 iucunditasque
1112 1618 1263 1698 sapienti.
1311 1619 1370 1683 Ce-

266 1733 340 1788 tera
355 1744 431 1787 cum
447 1734 505 1787 tua
528 1720 753 1796 recordabere,
771 1721 834 1783 etsi
858 1740 1020 1802 persaepe
1035 1722 1157 1798 virtuti,
1175 1730 1287 1785 tamen
1303 1723 1369 1804 ple·
1380 1752 1406 1783 10

267 1848 409 1910 rumque
431 1827 583 1891 felicitati
605 1838 683 1891 tuae
706 1827 935 1909 gratulabere;
967 1829 1008 1891 de
1040 1828 1144 1903 nobis,
1170 1849 1254 1909 quos
1277 1827 1311 1889 in
1334 1848 1370 1891 re

267 1931 402 2014 publica
415 1940 523 1995 tecum
541 1931 639 1995 simul
655 1952 729 1995 esse
740 1932 883 2009 voluisti,
898 1932 1050 2014 quotiens
1066 1932 1235 2013 cogitabis,
1248 1931 1369 1994 totiens

267 2037 310 2099 de
345 2037 497 2099 maximis
520 2037 585 2099 tuis
611 2036 790 2111 beneficiis,
814 2038 936 2100 totiens
961 2037 1002 2100 de
1025 2035 1209 2099 incredibili
1232 2034 1370 2099 liberali-

267 2150 347 2216 tate,
364 2142 485 2204 totiens
502 2140 543 2203 de
560 2141 720 2223 singulari
737 2140 900 2222 sapientia
916 2150 973 2204 tua
989 2141 1168 2221 cogitabis;
1193 2160 1278 2223 quae
1302 2162 1368 2203 non

268 2245 368 2308 modo
391 2265 521 2308 summa
543 2245 641 2321 bona,
665 2247 724 2308 sed
747 2245 903 2307 nimirum
927 2245 1056 2308 audebo
1079 2246 1132 2308 vel
1156 2246 1226 2309 sola
1249 2246 1367 2308 dicere.
1381 2271 1405 2317 15

267 2351 401 2414 Tantus
423 2358 474 2413 est
497 2350 585 2413 enim
609 2349 767 2432 splendor
789 2351 822 2413 in
848 2350 945 2413 laude
968 2370 1056 2426 vera,
1074 2358 1166 2413 tanta
1189 2349 1223 2412 in
1246 2351 1370 2431 magni·

265 2455 384 2518 tudine
407 2455 509 2516 animi
532 2464 566 2518 et
588 2455 716 2518 consilii
733 2454 887 2536 dignitas,
905 2466 940 2517 ut
954 2455 1035 2517 hacc
1053 2475 1072 2516 a
1087 2454 1220 2518 Virtute
1236 2456 1368 2530 donata,

268 2570 417 2624 ceteraa
437 2561 585 2622 Fortuna
608 2559 817 2622 commodata
839 2579 914 2622 esse
937 2558 1120 2621 videantur.
1169 2559 1247 2622 Noli
1270 2559 1371 2641 igitur

266 2666 302 2727 in
321 2664 558 2727 conservandis
576 2663 673 2727 bonis
689 2663 766 2726 viris
789 2662 975 2744 defatigari,
994 2683 1060 2725 non
1080 2662 1262 2744 cupiditate
1279 2683 1371 2744 prae-

267 2770 383 2833 sertim
401 2767 511 2850 aliqua
527 2778 585 2831 aut
601 2767 764 2850 pravitate
780 2767 892 2848 lapsis,
911 2767 970 2829 sed
983 2767 1139 2847 opinione
1155 2766 1252 2829 officii
1269 2767 1370 2830 stulta
1380 2790 1407 2822 20

266 2874 423 2947 fortasse,
441 2882 531 2936 certe
546 2892 614 2935 non
630 2871 791 2953 improba,
809 2879 842 2934 et
859 2870 970 2952 speeie
987 2871 1129 2952 quadam
1142 2871 1189 2933 rei
1205 2870 1367 2953 publicae.

269 2978 349 3040 Non
366 2976 454 3039 enim
470 2985 528 3038 tua
544 2976 610 3038 ulla
625 2975 724 3056 culpa
739 2984 798 3050 est,
817 2976 844 3037 si
863 2984 896 3038 te
915 2974 1017 3056 aliqui
1037 2973 1227 3050 timuerunt,
1244 2983 1371 3037 contra·

267 3100 335 3164 que
348 3100 478 3143 summa
493 3079 575 3157 laus,
592 3080 681 3162 quod
697 3080 832 3142 minime
848 3078 1032 3142 timendum
1049 3079 1153 3140 fuisse
1170 3089 1354 3141 senserunt.

648 3315 884 3390 Coururnrro,
917 3327 1002 3393 7-10

267 3461 324 3524 Do
339 3481 408 3542 you
421 3462 506 3543 sear
525 3461 654 3542 danger
672 3470 703 3522 to
722 3459 902 3541 yourscls?
949 3459 1066 3541 Snrely
1081 3480 1171 3540 your
1187 3459 1373 3542 generosr'ty
1460 3481 1465 3490 ·

313 3565 377 3628 lias
397 3564 571 3628 converted
589 3564 641 3627 all
655 3586 744 3646 your
767 3565 906 3626 enemies
933 3563 1000 3625 z'nto
1017 3563 1161 3646 friends.
1211 3563 1296 3626 still
1323 3584 1371 3625 we

314 3668 367 3732 all
384 3669 477 3731 slcall
488 3669 605 3752 guard
616 3690 705 3750 your
725 3668 786 3749 life
806 3689 845 3730 as
867 3689 889 3729 a
911 3668 1027 3729 sacred
1047 3677 1138 3730 trust.

315 3831 344 3892 7.
378 3815 477 3878 Nunc
492 3814 590 3878 venio
602 3816 644 3877 ad
660 3815 890 3896 gravissimam
902 3814 1070 3895 querelam
1087 3823 1120 3876 et
1133 3811 1370 3875 atrocissimam

272 3919 496 4000 suspicionem
526 3928 626 3993 tuam,
652 3939 737 4000 quae
769 3939 835 3980 non
862 3917 922 3979 tibi
955 3916 1020 3997 ipsi
1044 3917 1150 3997 magis
1174 3935 1273 3998 quam
1297 3935 1408 3987 cum25

272 4023 426 4087 omnibus
455 4022 582 4087 civibus
605 4033 675 4086 tum
700 4023 841 4085 maxime
865 4020 970 4094 nobis,
998 4021 1054 4101 qui
1082 4029 1155 4082 ate
1186 4020 1373 4082 conservati
