3375 4775
330 565 390 645 196
677 575 854 624 oxxnous
878 573 923 624 or
945 575 1072 624 cicano

325 789 446 873 Poetry
459 790 531 853 and
550 791 657 853 letters
669 789 813 871 furnich
836 810 876 851 us
896 811 940 852 on
964 790 1137 873 nnfailz'ng
1154 812 1265 853 source
1287 787 1376 853 alr'ko
1391 791 1432 873 os

629 894 812 976 enjoyment
828 894 900 957 and
912 895 953 976 of
967 894 1124 977 strength.

369 1060 398 1124 6.
432 1056 583 1139 Quaeres
599 1077 619 1119 a
635 1056 740 1132 nobis,
759 1058 875 1133 Gratti,
894 1077 954 1119 cur
975 1066 1068 1120 tanto
1084 1078 1185 1140 opere
1209 1060 1273 1121 hoc
1298 1059 1432 1122 homine

326 1162 539 1225 delectemur.
587 1160 675 1242 Quia
698 1161 891 1241 suppeditat
914 1160 1010 1223 nobis
1027 1160 1083 1223 ubi
1099 1172 1132 1224 et
1151 1162 1282 1225 animus
1306 1183 1347 1225 ex
1370 1163 1431 1226 hoc

327 1266 452 1329 forensi
474 1264 614 1347 strepitu
637 1265 812 1338 reficiatur,
830 1274 864 1328 et
887 1285 984 1327 aures
1007 1265 1156 1328 convicio
1180 1266 1335 1329 defessae
1359 1287 1432 1329 con-

327 1369 509 1452 quiescant.
556 1369 614 1431 An
630 1378 666 1431 tu
678 1368 847 1431 existimas
860 1379 918 1431 aut
929 1378 1109 1450 suppetere
1121 1369 1218 1432 nobis
1232 1390 1331 1451 posse
1344 1371 1431 1453 quod

305 1473 447 1557 5cotidie
468 1474 616 1535 dicamus
635 1474 669 1534 in
690 1482 785 1535 tanta
804 1472 964 1536 varietate
983 1493 1103 1549 rerum,
1121 1473 1184 1536 nisi
1207 1474 1337 1538 animos
1360 1495 1432 1537 nos-

327 1588 395 1641 tros
426 1576 576 1640 doctrina
603 1577 801 1652 excolamus,
827 1586 885 1639 aut
914 1577 1003 1640 ferre
1027 1578 1157 1640 animos
1179 1586 1308 1640 tantam
1334 1599 1431 1661 posse

326 1681 584 1756 contentionem,
606 1681 670 1743 nisi
697 1700 755 1743 eos
782 1681 933 1743 doctrina
959 1681 1076 1744 eadem
1102 1682 1310 1745 relaxemus?
1359 1683 1431 1764 Ego

327 1806 405 1849 vero
430 1786 538 1847 fateor
553 1804 606 1847 me
628 1784 679 1846 his
699 1784 815 1847 studiis
835 1805 909 1847 esse
931 1785 1089 1848 deditum.
1138 1786 1276 1850 Ceteros
1297 1787 1430 1869 pudeat,

328 1891 355 1953 si
372 1889 428 1972 qui
443 1889 488 1951 ita
505 1909 540 1952 se
557 1889 673 1951 litteris
690 1888 890 1951 abdiderunt
909 1898 945 1952 ut
961 1889 1043 1951 nihil
1067 1889 1196 1971 possint
1212 1910 1252 1952 ex
1268 1889 1307 1953 iis
1323 1910 1432 1972 neque

290 2030 316 2061 10
327 1995 369 2057 ad
393 2013 603 2057 communem
620 1992 752 2056 adferre
767 1994 915 2056 fructum
931 2014 1039 2075 neque
1063 1994 1097 2056 in
1120 2005 1293 2075 aspectum
1314 1995 1433 2057 lucem-

328 2118 393 2181 que
416 2098 585 2179 proferre3
617 2117 671 2159 me
695 2108 806 2160 autem
830 2097 909 2179 quid
937 2098 1070 2179 pudeat,
1094 2099 1151 2179 qui
1174 2108 1224 2161 tot
1253 2118 1361 2161 annos
1387 2100 1432 2160 ita

327 2204 412 2279 vivo,
429 2202 565 2277 iudices,
578 2210 615 2264 ut
624 2222 644 2263 a
654 2201 777 2264 nullius
790 2222 948 2283 umquam
959 2221 1012 2263 me
1025 2211 1175 2283 tempore
1189 2211 1246 2265 aut
1258 2202 1432 2265 commodo

327 2316 385 2369 aut
400 2308 501 2369 otium
520 2326 630 2369 meum
648 2305 845 2369 abstraxerit
861 2315 919 2368 aut
933 2306 1089 2389 voluptas
1105 2307 1252 2369 avocarit
1267 2316 1325 2369 aut
1345 2306 1433 2369 deni-

327 2431 392 2494 que
404 2432 540 2474 somnus
557 2410 754 2474 retardarit?

291 2547 316 2596 15
372 2515 449 2597 Qua
471 2535 507 2578 re
523 2515 597 2597 quis
613 2515 748 2578 tandem
767 2535 820 2578 me
839 2515 1074 2596 reprehendat,
1091 2525 1148 2579 aut
1172 2514 1246 2597 quis
1265 2516 1348 2578 mihi
1363 2517 1433 2578 iure

328 2628 531 2694 suscenseat,
546 2618 582 2695 si,
596 2629 759 2701 quantum
776 2621 895 2682 ceteris
912 2619 954 2681 ad
971 2638 1049 2682 suas
1065 2639 1117 2682 res
1134 2620 1315 2696 obeundas,
1334 2641 1434 2702 quan-

327 2734 398 2787 tum
414 2724 457 2786 ad
480 2723 586 2787 festos
603 2723 673 2786 dies
689 2723 842 2786 ludorum
859 2713 1085 2800 celebrandos,
1103 2733 1264 2806 quantum
1286 2724 1329 2786 ad
1352 2725 1434 2786 alias

327 2828 516 2910 voluptates
532 2837 565 2891 et
582 2828 624 2890 ad
640 2827 748 2909 ipsam
761 2827 910 2910 requiem
923 2827 1025 2890 animi
1035 2837 1069 2890 et
1081 2829 1228 2909 corporis
1242 2828 1434 2908 conceditur

327 2940 524 3013 temporum,
557 2942 718 3014 quantum
750 2931 806 2993 alii
837 2932 988 2994 tribuunt
1022 2933 1232 3013 tempestivis
1263 2933 1431 3005 conviviis,

289 3063 318 3095 20
328 3045 489 3119 quantum
527 3037 671 3118 denique
703 3036 840 3111 alveolo,
874 3045 1035 3118 quantum
1067 3035 1164 3116 pilae,
1196 3045 1327 3099 tantum
1354 3035 1435 3098 mihi

328 3151 460 3222 egomet
484 3140 526 3202 ad
550 3141 632 3204 haec
657 3139 766 3203 studia
789 3140 968 3203 recolenda
987 3140 1186 3221 sumpsero?
1232 3140 1348 3222 Atque
1372 3142 1434 3202 hoc

328 3265 367 3308 eo
391 3245 471 3306 mihi
495 3244 745 3307 concedendum
770 3253 822 3307 est
844 3244 961 3325 magis,
979 3244 1068 3325 quod
1087 3263 1128 3306 ex
1150 3243 1200 3307 his
1217 3243 1335 3307 studiis
1351 3245 1434 3306 haec

328 3367 460 3430 quoque
476 3349 595 3410 crescit
610 3347 715 3411 oratio
731 3356 764 3410 et
780 3347 932 3421 facultas
947 3367 1033 3429 quae
1049 3356 1317 3430 quantacumque
1333 3348 1367 3409 in
1384 3367 1434 3409 me

328 3461 388 3527 est,
420 3472 601 3533 numquam
633 3452 814 3514 amicorum
843 3450 997 3532 periculis
1028 3451 1144 3514 defuit.
1204 3450 1300 3532 Quae
1328 3450 1355 3514 si
1382 3451 1435 3514 cui

289 3576 316 3626 25
328 3556 431 3619 levior
453 3555 591 3631 videtur,
608 3555 665 3618 illa
688 3554 820 3637 quidem
838 3564 928 3619 certe
945 3575 1030 3637 quae
1050 3575 1180 3618 summa
1203 3564 1281 3618 sunt
1304 3575 1346 3617 ex
1369 3576 1434 3637 quo

327 3660 421 3723 fonte
437 3659 586 3721 hauriam
604 3661 720 3722 sentio.
769 3661 857 3721 Nam
875 3658 937 3722 nisi
954 3659 1132 3722 multorum
1150 3658 1338 3740 praeceptis
1351 3659 1434 3721 mul-

327 3764 436 3845 tisque
452 3763 569 3826 litteris
585 3763 666 3825 mihi
682 3762 724 3825 ab
743 3762 970 3825 adulescentia
994 3762 1173 3825 suasissem
1197 3763 1279 3825 nihil
1303 3783 1378 3827 esse
1400 3764 1434 3824 in

320 3867 396 3956 ⁴vita
417 3888 538 3948 magno
554 3887 657 3949 opere
673 3867 897 3949 expetendum
921 3865 985 3928 nisi
1003 3866 1136 3929 laudem
1161 3876 1261 3948 atque
1283 3867 1435 3930 honesta·

328 3981 405 4047 tem,
422 3970 456 4033 in
480 3991 520 4034 ea
543 3982 653 4034 autem
679 3971 911 4054 persequenda
937 3990 1051 4033 omnes
1078 3971 1244 4033 cruciatus
1275 3972 1433 4053 corporis,
