3375 4775
506 608 642 669 SECOND
666 609 824 668 ORATION
848 609 1000 667 AGAINST
1023 610 1190 668 CA'l'ILINE
1341 618 1401 691 117

292 813 370 855 nam
393 812 504 873 neque
526 792 568 854 ab
589 793 630 854 ‘eri
651 792 763 855 divelli
783 802 926 873 possunt
947 803 982 856 et
1000 803 1139 874 pereant
1158 801 1238 856 sirie
1254 796 1287 856 in
1304 795 1400 858 latri>

292 898 389 972 ciniri,
415 898 573 979 quoniam
601 906 679 972 sunt
706 897 753 958 ita
779 897 874 958 multi
901 906 938 958 ut
964 905 1022 959 eris
1049 918 1163 961 carcer
1189 917 1309 980 capere
1333 908 1399 961 nim

292 1000 406 1082 possit.

298 1210 365 1272 lee
380 1209 471 1272 sixtlt
486 1211 559 1273 and
573 1211 640 1273 last
655 1212 740 1274 class
754 1211 891 1274 consists
907 1212 946 1292 of
959 1212 1144 1293 effeminate
1158 1214 1230 1276 and
1241 1214 1399 1276 dissolute

366 1336 483 1397 young
496 1337 579 1389 men,
600 1314 770 1378 Cattlz'ne’s
785 1336 859 1377 own
875 1326 959 1378 most
971 1317 1144 1399 congenz'al
1155 1318 1337 1380 associatur.

339 1470 545 1531 Postremum
567 1479 678 1532 autem
698 1489 805 1550 genus
825 1479 877 1531 est
898 1477 965 1531 nim
988 1471 1095 1532 stilum
1117 1480 1264 1545 numeri),
1281 1479 1396 1533 verum

295 1573 395 1634 etiam
412 1592 535 1653 genere
553 1572 626 1653 ipsi>
641 1582 741 1654 atque
756 1580 832 1647 vita,
851 1574 940 1654 quod
960 1575 1131 1655 proprium
1151 1575 1313 1638 Catilinae
1335 1585 1394 1650 cst,
1420 1601 1431 1649 5

296 1678 336 1739 de
352 1678 424 1739 eius
441 1677 574 1750 dilectu,
592 1678 694 1739 immi)
709 1685 789 1739 vitri>
805 1677 847 1739 de
863 1677 1037 1758 complexu
1054 1677 1126 1740 eius
1141 1699 1180 1740 ac
1197 1678 1289 1754 simi;
1314 1687 1396 1760 queis

296 1788 381 1861 pexi)
397 1781 517 1862 capilli)
533 1780 655 1842 nitidus
673 1791 730 1843 aut
745 1780 911 1843 imberbes
925 1791 982 1844 aut
998 1781 1084 1843 bene
1100 1781 1255 1845 barbitus
1268 1782 1395 1859 videtis

297 1884 469 1946 manicatis
485 1894 519 1946 et
534 1884 692 1946 talaribus
709 1884 838 1959 tunicis
852 1885 935 1947 velis
952 1885 1090 1947 amictris
1106 1894 1172 1947 nim
1191 1896 1275 1967 togis
1290 1908 1296 1960 ;
1321 1895 1397 1969 quii

296 2009 368 2050 rum
385 1990 493 2050 omnis
511 1988 672 2050 industria
688 1998 775 2050 vitae
796 1999 830 2051 et
849 1989 1010 2069 vigilandi
1028 1988 1121 2051 labor
1139 1990 1172 2051 in
1192 1990 1397 2053 antelucinis

296 2101 385 2155 cenis
403 2092 614 2173 expremitur.
664 2093 702 2152 ln
720 2094 771 2153 his
788 2092 947 2174 gregibus
963 2101 1080 2155 omnes
1097 2094 1268 2169 ileatnres
1282 2103 1397 2157 omneis
1409 2122 1436 2152 10

296 2198 446 2272 adulteri,
471 2204 586 2259 omnes
610 2196 732 2277 impuri
754 2196 978 2278 impudicique
1001 2207 1186 2259 versantur.
1235 2199 1283 2260 Hi
1305 2208 1399 2279 pueri

296 2311 363 2364 tam
381 2301 484 2382 lepidi
499 2321 537 2363 ac
554 2301 686 2362 deliciti
702 2308 767 2361 nim
785 2301 891 2361 stilum
912 2308 1023 2363 amire
1044 2312 1077 2363 et
1094 2308 1198 2362 amari
1213 2321 1322 2382 neque
1339 2302 1397 2363 sal-

297 2414 367 2470 tare
383 2415 417 2469 et
433 2413 576 2481 cantire,
594 2406 653 2468 sed
673 2406 771 2467 etiam
789 2413 874 2467 sicis
890 2405 1020 2467 vibrare
1040 2414 1073 2468 et
1095 2426 1253 2487 spargere
1269 2414 1399 2469 venena

296 2511 492 2573 didicerunt.
539 2509 607 2591 Qui
622 2510 685 2570 nisi
702 2519 831 2583 exeunt,
850 2508 914 2569 nisi
931 2519 1082 2589 pereunt,
1095 2509 1193 2571 etiam
1213 2519 1241 2572 si
1257 2511 1399 2574 Catilina

297 2614 441 2696 perierit,
459 2621 574 2675 scit6te
599 2613 661 2675 heic
684 2612 716 2674 in
739 2620 774 2674 re
794 2612 927 2692 publici
950 2612 1162 2675 seminirium
1183 2613 1399 2677 Catilinarum
1412 2638 1436 2686 ¹5

295 2719 457 2780 futurum.
503 2706 628 2779 Verum
642 2726 754 2779 tamen
768 2716 846 2797 quid
861 2717 923 2778 sibi
936 2716 990 2778 isti
1002 2717 1114 2779 miseri
1125 2718 1265 2780 volunt?
1309 2719 1398 2780 Num

296 2828 373 2884 suas
391 2828 504 2882 secum
522 2820 732 2883 mulierculis
752 2822 881 2882 suntin
901 2831 1009 2882 castra
1028 2821 1180 2883 ducturi?
1227 2822 1336 2903 Quem
1358 2821 1399 2883 ad

296 2924 433 2988 modum
450 2924 642 2986 autemillis
659 2931 771 2986 carere
785 2933 951 3005 poterunt,
966 2925 1016 2986 his
1033 2925 1227 3005 praesertim
1244 2926 1309 2986 iam
1325 2946 1401 2987 noc-

295 3026 407 3091 tibus?
454 3026 532 3108 Qui)
548 3038 659 3090 autem
676 3035 775 3109 pacti)
791 3028 837 3088 illi
853 3029 1097 3109 Appenninum
1114 3039 1214 3109 atque
1227 3029 1300 3090 illis
1316 3039 1401 3110 prui-

296 3140 420 3195 nasac
444 3130 538 3192 nives
562 3131 755 3211 perferent?
803 3132 877 3193 Nisi
901 3131 1023 3193 idcirc&
1047 3140 1082 3193 se
1107 3132 1237 3194 facilius
1258 3133 1400 3194 hiemem
1410 3158 1439 3189 20

297 3236 497 3298 toleraturris
512 3242 641 3315 putant,
655 3234 744 3316 quod
760 3233 841 3296 midi
852 3236 886 3297 in
900 3236 1058 3297 conviviis
1072 3235 1192 3297 saltare
1205 3235 1399 3310 didicerunt„

301 3451 454 3517 Contrast
481 3474 546 3515 our
573 3473 732 3515 resources
763 3452 845 3515 witi
877 3452 965 3515 tlzose
995 3454 1035 3534 of
1061 3451 1212 3516 Catilina.
1258 3453 1324 3516 All
1350 3454 1404 3516 tlte

611 3557 800 3639 advantage
823 3556 853 3617 is
875 3578 915 3618 on
937 3556 1099 3619 narside.

346 3730 393 3774 11.
427 3695 458 3776 ὀ
478 3709 604 3774 bellum
623 3718 746 3792 migne
764 3730 866 3792 opere
888 3712 1200 3790 pertimescendum,
1220 3731 1295 3773 cum
1316 3712 1403 3775 hanc

301 3815 342 3878 sit
373 3815 547 3878 habiturus
582 3815 725 3879 Catilina
758 3823 942 3876 scortrirum
978 3815 1149 3876 cohortem
1184 3815 1402 3895 praeteriaml

301 3903 461 3983 instruite
485 3939 584 3994 nunc,
609 3919 764 4001 Quirites
789 3924 905 3980 contra
931 3918 1082 3979 hastam
1106 3917 1293 3998 praeclaras
1319 3919 1405 3982 Cati-

302 4022 387 4084 linae
402 4023 516 4105 c6pi5s
532 4033 644 4086 vestra
665 4021 831 4105 praesidia
846 4029 1041 4102 vestrasque
1061 4019 1234 4100 exercitus.
1284 4022 1327 4083 Et
1343 4033 1405 4102 pri·
1414 4052 1441 4100 25
