3375 4775
348 572 408 642 194
696 564 874 619 omnious
897 567 942 619 on
964 548 1090 619 cremo

344 763 538 808 SExnem'rA
549 762 672 807 bissus
683 762 776 806 APUD
789 761 1000 806 PRAETOREM
1013 762 1142 807 Essent
1155 762 1327 809 enorussi.
1361 742 1446 808 Cum

343 849 396 911 hic
413 848 615 911 domicilium
634 849 762 911 Romae
779 848 901 910 multos
914 847 978 909 iam
993 868 1098 911 annos
1111 848 1258 924 haberet,
1274 849 1447 929 professus

343 961 394 1015 est
410 952 499 1033 apud
516 962 701 1032 praetorem
719 951 760 1033 Q.
780 952 965 1025 Metellum,
982 952 1278 1014 familiarissimum
1294 972 1402 1015 suum.

388 1056 424 1120 Si
445 1055 528 1117 nihil
549 1056 637 1118 aliud
659 1055 721 1117 nisi
742 1055 784 1118 de
801 1055 932 1118 civitate
949 1075 987 1117 ac
1008 1056 1081 1136 lege
1102 1056 1251 1130 dicimus,
1268 1056 1352 1118 nihil
1373 1056 1446 1119 dico

322 1160 503 1240 samplius3
536 1179 637 1222 eausa
668 1158 756 1221 dieta
785 1168 846 1221 est.
894 1158 984 1240 Quid
1013 1159 1101 1220 enim
1132 1159 1250 1222 horum
1276 1160 1444 1235 infirmari,

344 1264 460 1339 Gratti,
492 1263 625 1344 potest?
673 1261 894 1324 Heracliaene
924 1282 998 1324 esse
1029 1282 1105 1325 eum
1136 1263 1317 1344 ascriptum
1347 1284 1445 1343 nega-

342 1366 414 1429 bis?
460 1368 570 1430 Adest
595 1366 645 1428 vir
671 1386 801 1429 summa
831 1367 1026 1427 auctoritate
1057 1376 1091 1429 et
1116 1367 1276 1447 religione
1307 1376 1341 1429 et
1371 1367 1469 1457 fide„

344 1472 391 1534 M.
416 1471 585 1547 Lucullus,
605 1471 662 1552 qui
685 1490 720 1533 se
744 1490 811 1532 non
835 1470 966 1550 opinari
989 1470 1047 1532 sed
1071 1470 1163 1544 seire,
1187 1491 1254 1532 non
1278 1471 1444 1533 audivisse

342 1576 401 1639 sed
417 1576 549 1648 vidisse,
565 1595 632 1637 non
650 1575 840 1636 interfuisse
858 1575 916 1636 sed
933 1575 1041 1654 egisse
1057 1573 1144 1636 dicit.
1187 1575 1324 1637 Adsunt
1342 1575 1444 1638 Hera-

306 1710 332 1741 10
342 1679 483 1742 elienses
500 1680 609 1759 legati,
624 1677 817 1741 nobilissimi
833 1678 994 1754 homines,
1012 1679 1109 1741 huius
1125 1678 1237 1740 iudicii
1252 1698 1354 1741 causa
1369 1698 1445 1741 cum

343 1783 506 1845 mandatis
534 1792 567 1845 et
594 1802 668 1844 cum
697 1782 829 1862 publico
856 1781 1045 1845 testimonio
1071 1792 1252 1859 venerunt;
1272 1782 1329 1863 qui
1356 1782 1444 1843 hunc

342 1886 523 1967 ascriptum
547 1886 798 1948 Heracliensem
819 1885 943 1948 dicunt.
991 1887 1057 1948 Hic
1073 1896 1110 1948 tu
1126 1886 1256 1948 tabulas
1273 1885 1443 1948 desideras

344 1991 608 2053 Heracliensium
636 1989 795 2071 publicas,
821 2010 903 2071 quas
932 1990 1049 2053 Italico
1076 1990 1163 2053 bello
1189 1992 1327 2052 incenso
1354 1990 1445 2052 tabu-

256 2167 259 2171 ,
343 2094 423 2157 lario
444 2094 596 2156 interisse
618 2094 740 2156 scimus
763 2094 903 2156 omnes?
949 2094 1011 2155 Est
1033 2093 1206 2156 ridiculum
1230 2095 1272 2156 ad
1296 2113 1444 2175 eaquae

305 2228 330 2274 15
343 2198 502 2261 babemus
519 2197 602 2259 nihil
617 2198 734 2272 dicere,
749 2217 908 2278 quaerere
924 2217 1009 2278 quae
1025 2198 1148 2261 habere
1164 2218 1230 2259 non
1248 2217 1426 2278 possumus
1435 2217 1443 2273 ;
1475 2224 1477 2228 ⁷

342 2301 431 2363 etde
448 2301 618 2364 hominum
636 2301 794 2363 memoria
810 2310 929 2373 tacere,
947 2301 1129 2363 litterarum
1147 2300 1339 2363 memoriam
1356 2300 1445 2381 fiagi-

342 2415 430 2480 tare;
461 2417 504 2482 et,
528 2388 752 2469 eumhabeas
776 2405 972 2486 amplissimi
994 2406 1055 2467 viri
1078 2405 1280 2487 religionem,
1304 2406 1445 2485 integer-

342 2510 414 2571 rimi
438 2509 607 2590 munieipii
629 2510 680 2571 ius
703 2509 877 2571 iurandum
902 2509 1076 2590 iidemque,
1100 2529 1246 2590 eaquae
1270 2509 1444 2590 depravari

341 2614 433 2675 nullo
460 2614 563 2675 modo
589 2624 728 2694 possunt
755 2613 940 2694 repudiare,
968 2613 1109 2688 tabulas,
1137 2633 1219 2694 quas
1245 2612 1334 2675 idem
1362 2612 1443 2675 dicis

304 2745 332 2776 20
342 2718 447 2780 solere
470 2718 646 2798 corrumpi,
671 2717 869 2780 desiderare.

334 2871 337 2875 .
385 2821 442 2883 An
459 2821 660 2884 domicilium
679 2822 806 2883 Romae
820 2842 888 2883 non
905 2821 1020 2883 babuit
1042 2823 1079 2896 is,
1098 2822 1153 2902 qui
1172 2830 1223 2884 tot
1246 2822 1343 2884 annis
1364 2832 1443 2884 ante

342 2923 507 2987 civitatem
518 2925 630 2986 datam
640 2925 752 2987 sedem
763 2926 911 2987 omnium
922 2945 1032 2987 rerum
1041 2944 1078 2986 ac
1089 2925 1296 2987 fortunarum
1308 2944 1440 2987 suarum

344 3028 471 3090 Romae
494 3027 701 3090 conlocavit?
746 3028 803 3089 An
826 3048 892 3090 non
918 3038 969 3090 est
992 3027 1186 3108 professus?
1233 3027 1342 3090 Immo
1362 3048 1442 3090 vero

341 3130 380 3193 iis
396 3131 518 3194 tabulis
534 3132 715 3212 professus
729 3151 815 3212 quae
831 3132 921 3194 solae
937 3152 977 3194 ex
989 3131 1044 3193 illa
1057 3131 1265 3212 professione
1277 3131 1442 3212 conlegio

305 3261 330 3308 23
342 3254 407 3317 que
420 3243 609 3316 praetorum
622 3234 774 3297 obtinent
786 3235 992 3316 publicarum
1002 3235 1188 3298 tabularum
1198 3235 1440 3298 auctoritatem.

344 3489 376 3551 Τ
370 3489 410 3552 he
423 3478 501 3572 fact
521 3491 594 3552 tleat
614 3490 668 3553 leis
686 3512 783 3553 name
797 3493 871 3554 does
888 3502 944 3554 net
956 3505 1076 3573 appear
1088 3514 1128 3555 on
1145 3493 1197 3554 tlee
1212 3493 1278 3554 last
1293 3501 1357 3554 two
1371 3513 1439 3555 cen-

381 3613 438 3654 sus
454 3593 528 3654 lists
549 3593 579 3653 is
598 3593 772 3675 explained
791 3593 830 3675 by
844 3594 898 3656 lee's
919 3594 1051 3658 absence
1063 3597 1158 3676 from
1182 3595 1287 3657 Rome
1308 3605 1346 3657 at
1367 3595 1439 3657 tleat

383 3706 469 3758 teme.

383 3880 412 3942 5.
446 3864 670 3926 Nam—cum
695 3864 789 3945 Appi
819 3864 952 3928 tabulae
983 3865 1215 3947 neglegentius
1243 3866 1439 3930 adservatae

339 3968 536 4043 dicerentur,
563 3969 692 4043 Gabini,
717 3989 816 4049 quam
841 3969 897 4031 diu
920 3969 1094 4032 incolumis
1118 3970 1189 4044 fuit,
1215 3969 1344 4046 levitaS,
1364 3979 1441 4053 post
