3375 4775
334 599 397 662 ²34
685 594 862 647 omrros's
885 594 930 643 or
952 594 1080 644 crosno

333 769 449 832 simam
467 788 599 850 semper
619 767 780 842 habuisti;
805 778 847 842 et,
866 767 893 830 si
914 768 968 831 ille
990 768 1060 831 dies
1084 768 1143 831 tibi
1166 768 1438 850 gloriosissimus,

333 874 457 956 populo
483 874 635 935 Romano
660 873 868 953 gratissimus
893 872 966 946 fuit,
992 874 1069 947 noli,
1098 872 1246 948 obsecro,
1272 874 1438 950 dubitare,

333 979 369 1042 C.
399 979 532 1051 Caesar,
561 976 700 1038 similem
728 975 775 1037 illi
799 976 924 1056 gloriae
955 977 1086 1039 laudem
1112 997 1211 1058 quam
1241 979 1439 1058 saepissime

332 1102 500 1164 quaerere.
550 1080 642 1142 Nihil
657 1090 716 1157 ‚est
738 1090 806 1142 tam
825 1079 985 1160 populare
1002 1100 1100 1161 quam
1117 1080 1259 1155 bonitas,
1279 1081 1372 1143 nulla
1397 1082 1439 1145 de

310 1185 508 1257 svirtutibus
524 1185 589 1247 tuis
607 1184 756 1265 plurimis
772 1204 833 1246 nec
856 1184 1079 1246 admirabilior
1094 1205 1157 1248 nec
1173 1184 1297 1265 gratior
1315 1187 1439 1248 miseri-

332 1290 444 1354 cordia
460 1300 518 1353 est.
569 1290 732 1352 Homines
756 1290 843 1352 enim
867 1290 908 1352 ad
933 1291 1012 1353 deos
1032 1291 1123 1352 nulla
1140 1310 1174 1353 re
1191 1292 1330 1372 propius
1347 1312 1439 1355 acce-

333 1396 416 1458 dunt
441 1416 539 1477 quam
568 1397 708 1461 salutem
735 1396 925 1458 hominibus
950 1396 1069 1459 dando.
1125 1396 1216 1457 Nihil
1244 1395 1347 1458 habet
1375 1416 1438 1458 nec

333 1500 468 1563 fortuna
481 1511 535 1563 tua
553 1501 658 1563 maius
675 1520 774 1581 quam
792 1510 827 1562 ut
844 1502 961 1581 possis,
979 1520 1041 1563 nec
1063 1509 1182 1562 natura
1201 1499 1319 1562 melius
1336 1521 1438 1582 quam

334 1614 369 1667 ut
395 1605 476 1667 velis
505 1625 636 1667 servare
663 1606 953 1686 quamplurimos.
1022 1604 1223 1685 Longiorem
1251 1606 1437 1668 orationem

297 1729 434 1772 10causa
450 1709 590 1772 forsitan
610 1709 763 1789 postulet,
782 1720 838 1770 tua
860 1718 949 1771 certe
973 1717 1092 1769 natura
1116 1707 1311 1771 breviorem.
1360 1709 1438 1791 Qua

333 1833 377 1889 re,
395 1833 469 1876 eum
487 1812 597 1875 utilius
614 1833 687 1875 esse
704 1813 843 1875 arbitrer
860 1823 892 1875 te
914 1814 1022 1893 ipsum
1042 1832 1141 1893 quam
1167 1832 1218 1875 me
1243 1822 1300 1874 aut
1325 1833 1438 1894 quem-

333 1937 432 1999 quam
450 1917 539 1999 loqui
555 1926 673 1990 tecum,
689 1917 787 1979 finem
805 1916 1023 1988 iamlacian1;
1048 1925 1176 1978 tantum
1189 1925 1222 1978 te
1236 1916 1436 1991 admonebo

334 2021 362 2083 si
388 2021 433 2083 illi
460 2021 589 2083 absenti
615 2020 755 2083 salutem
781 2020 921 2095 dederis,
950 2018 1181 2101 praesentibus
1206 2020 1258 2082 his
1281 2021 1437 2083 omnibus

333 2126 495 2188 daturum.
