3375 4775
333 605 397 669 214
685 600 863 651 ORATIONS
885 601 929 650 OF
952 600 1078 650 CICERO

331 793 454 849 sumus,
481 774 686 855 providenda
723 784 791 849 est;
828 793 929 856 quam
960 772 1021 836 etsi
1054 792 1152 854 spero
1187 772 1310 834 falsam
1349 789 1433 845 esse,

330 886 443 939 tamen
481 897 661 959 numquam
698 877 894 940 extenuabo.
953 877 1027 938 Tua
1058 876 1147 939 enim
1178 875 1288 938 cautio
1320 884 1435 938 nostra

330 982 439 1044 cautio
467 992 527 1056 est,
544 990 580 1043 ut
605 981 633 1043 si
656 982 690 1043 in
716 982 874 1044 alterutro
897 980 1105 1063 peccandum
1129 980 1180 1054 sit,
1195 980 1308 1041 malim
1331 978 1435 1042 videri
1511 1003 1513 1010 ·

330 1085 428 1147 nimis
443 1084 578 1147 timidus
594 1105 691 1166 quam
710 1105 827 1166 parurn
844 1085 1002 1167 prudens.
1051 1084 1118 1147 Sed
1134 1084 1288 1165 quisnam
1305 1093 1357 1147 est
1372 1086 1434 1147 iste

308 1196 397 1260 stam
421 1188 581 1251 demens?
627 1189 680 1251 De
710 1188 1020 1251 tuisne—tametsi
1051 1188 1108 1270 qui
1140 1190 1247 1269 magis
1280 1198 1359 1251 sunt
1386 1188 1435 1250 tui

331 1311 429 1373 quam
446 1292 566 1373 quibus
582 1302 617 1355 tu
634 1293 775 1355 salutem
799 1291 1048 1374 insperantibus
1073 1292 1374 1355 reddidisti?-an
1394 1313 1434 1355 ex

331 1396 393 1458 hoc
418 1416 566 1470 numero,
584 1397 641 1477 qui
667 1417 735 1458 una
760 1407 869 1459 tecum
894 1396 1053 1459 fuerunt?
1101 1398 1179 1484 Non
1198 1406 1250 1460 est
1266 1396 1433 1461 credibilis

329 1508 442 1561 tantus
459 1499 492 1561 in
508 1500 575 1562 ullo
591 1501 684 1563 furor
700 1511 745 1575 ut,
763 1522 828 1583 quo
845 1501 931 1563 duce
947 1501 1059 1564 omnia
1075 1520 1205 1563 summa
1220 1500 1263 1563 sit
1279 1501 1432 1582 adeptus,

330 1604 429 1665 huius
443 1604 546 1665 vitam
570 1623 637 1666 non
663 1613 847 1685 anteponat
866 1625 954 1667 suae.
1002 1605 1060 1668 An
1077 1604 1105 1667 si
1121 1604 1204 1666 nihil
1219 1604 1268 1667 tui
1283 1605 1434 1686 cogitant

294 1707 474 1782 rosceleris‚
499 1708 684 1770 cavendum
709 1717 761 1771 est
794 1728 837 1771 ne
870 1709 950 1791 quid
970 1708 1122 1771 inimici?
1168 1707 1258 1790 Qui?
1304 1709 1434 1773 Omnes

330 1810 417 1874 enim
443 1810 500 1892 qni
521 1811 666 1886 fuerunt,
683 1821 741 1873 aut
763 1832 823 1873 sua
848 1812 1030 1894 pertinacia
1052 1814 1154 1876 vitam
1174 1812 1358 1877 amiserunt
1377 1822 1435 1876 aut

330 1924 388 1977 tua
411 1914 633 1977 misericordia
658 1917 875 1991 retinuerunt,
894 1927 931 1979 ut
955 1925 1011 1979 aut
1036 1916 1118 1979 nulli
1134 1918 1303 1999 supersint
1319 1918 1362 1981 de
1377 1916 1436 1980 ini-

330 2020 424 2081 micis
439 2027 496 2081 aut
512 2021 568 2101 qui
584 2020 719 2082 fuerunt
735 2020 801 2082 sint
816 2021 1015 2083 amicissimi.

375 2123 442 2186 Sed
463 2132 575 2184 tamen
591 2143 666 2185 cum
681 2125 715 2185 in
732 2125 850 2186 animis
872 2123 1043 2186 hominum
1064 2134 1178 2187 tantae
1201 2123 1348 2188 latebrae
1368 2127 1436 2188 sint

295 2248 320 2296 ις
331 2236 365 2289 et
379 2228 462 2288 tanti
478 2246 637 2302 recessus
654 2247 837 2308 augeamus
855 2248 935 2290 sane
957 2227 1179 2309 suspicionem
1198 2237 1311 2305 tuam;
1336 2229 1436 2291 simul

331 2331 418 2394 enim
441 2330 637 2412 augebimus
658 2332 873 2413 diligentiam.
923 2332 1011 2394 Nam
1033 2333 1107 2415 quis
1128 2343 1180 2396 est
1197 2332 1346 2396 omnium
1366 2344 1435 2397 tam

331 2434 467 2517 ignarus
483 2455 601 2509 rerum,
619 2444 686 2497 tam
708 2436 798 2498 rudis
814 2438 846 2498 in
865 2456 900 2498 re
922 2437 1063 2518 publica,
1081 2446 1148 2499 tam
1171 2437 1254 2499 nihil
1275 2458 1436 2519 umquam

331 2559 392 2601 nec
408 2539 450 2601 de
466 2560 525 2601 sua
544 2560 605 2602 nec
624 2541 666 2603 de
685 2541 853 2602 communi
873 2539 979 2603 salute
1001 2541 1160 2621 cogitans,
1179 2541 1236 2622 qui
1254 2562 1322 2604 non
1342 2540 1437 2605 intel-

331 2640 421 2722 legat
437 2651 493 2704 tua
509 2642 615 2705 salute
632 2643 793 2706 contineri
809 2664 904 2706 suam
921 2653 954 2706 et
967 2665 1006 2706 ex
1022 2645 1120 2706 unius
1132 2653 1190 2706 tua
1201 2645 1271 2707 vita
1287 2645 1437 2726 pendere

294 2767 322 2798 20
332 2748 478 2808 omnium
491 2747 503 2808 ?
534 2747 699 2828 Equidem
712 2747 753 2810 de
765 2756 799 2810 te
811 2748 881 2810 dies
893 2758 1084 2827 noctesque,
1095 2757 1133 2809 ut
1144 2747 1260 2822 debe0,
1272 2749 1435 2828 cogitans

332 2870 429 2913 casus
448 2850 618 2913 dumtaxat
636 2851 800 2915 humanos
818 2861 853 2915 et
869 2850 1012 2914 incertos
1031 2860 1171 2914 eventus
1186 2851 1385 2915 valetudinis
1402 2860 1439 2914 et

331 2965 469 3017 naturae
482 2955 667 3018 communis
681 2956 896 3036 fragilitatem
910 2957 1098 3033 extimesc0,
1110 2956 1283 3038 doleoque,
1295 2976 1370 3019 cum
1382 2975 1437 3019 res

333 3058 466 3138 publica
477 3059 670 3123 immortalis
683 3079 757 3122 esse
769 3060 899 3136 debeat,
913 3080 987 3122 eam
999 3061 1035 3122 in
1050 3061 1149 3122 unius
1162 3060 1310 3123 mortalis
1324 3061 1438 3122 anima

333 3164 524 3225 consistere.
573 3162 609 3226 Si
624 3183 703 3225 vero
719 3163 761 3225 ad
781 3164 945 3227 humanos
969 3184 1067 3227 casus
1090 3163 1302 3245 incertosque
1325 3172 1438 3226 motus

257 3256 259 3261 ’
295 3284 323 3331 25
332 3266 531 3329 valetudinis
547 3266 680 3329 sceleris
697 3266 796 3330 etiam
817 3268 948 3331 accedit
967 3266 1227 3346 insidiarumque
1247 3265 1436 3342 consensio,

328 3393 426 3455 quem
440 3373 548 3449 deum,
559 3374 586 3436 si
599 3372 721 3453 cupiat,
732 3392 831 3453 posse
843 3372 999 3454 opitulari
1012 3371 1059 3435 rei
1071 3371 1224 3455 publicae
1239 3370 1438 3434 credamus?

344 3625 534 3707 Wandefful
551 3648 589 3689 as
603 3649 693 3708 your
704 3638 785 3709 past
802 3628 1037 3692 achievements
1057 3593 1141 3693 leuve
1162 3627 1247 3706 been,
1262 3650 1331 3711 you
1352 3630 1437 3694 lzave

364 3730 430 3792 tho
441 3731 505 3811 day
516 3732 648 3793 entered
660 3742 743 3812 upon
756 3731 808 3794 tlte
819 3742 905 3794 most
913 3733 1062 3815 glorians
1070 3732 1192 3815 pm'od
1203 3734 1245 3815 of
1245 3755 1336 3814 your
1345 3734 1412 3816 life.

378 3895 404 3958 8.
440 3894 561 3958 Omnia
579 3903 656 3956 sunt
671 3894 847 3957 excitanda
861 3895 929 3971 tibi,
944 3896 980 3960 C.
999 3896 1131 3972 Caesar,
1145 3895 1211 3971 uni,
1226 3917 1313 3978 quae
1329 3896 1433 3959 iacere

336 3997 437 4060 sentis
453 3998 530 4060 belli
546 3997 650 4079 ipsius
665 4000 801 4079 impetu,
816 3999 904 4081 quod
922 4020 1059 4063 necesse
1075 4001 1147 4076 fuit,
1165 4001 1320 4082 perculsa
1335 4010 1431 4082 atque
