3375 4775
328 597 394 663 250
682 592 860 642 ORATIONS
882 594 927 643 OF
948 593 1077 644 CICERO

328 776 476 831 mentum
490 768 560 831 fieri
572 788 672 850 quarn
684 768 936 849 amplissimum.
973 769 1102 850 Magna
1113 778 1215 850 atque
1227 768 1439 831 incredibilia

328 882 405 934 sunt
421 872 454 933 in
467 891 536 934 rem
554 872 720 951 publicam
735 872 832 934 huius
845 873 962 934 merita
976 872 1124 953 legionis
1164 873 1261 935 Haec
1274 893 1311 935 se
1327 874 1438 954 prima

328 974 500 1038 latrocinio
523 976 656 1056 abrupit
679 975 818 1051 Antoni,
835 976 919 1038 haec
941 978 1049 1038 tenuit
1072 975 1206 1052 Albam,
1224 978 1308 1039 haec
1332 997 1370 1039 se
1395 976 1437 1039 ad

328 1081 505 1145 Caesarem
522 1079 671 1152 contulit,
686 1080 772 1142 hanc
788 1078 917 1141 imitata
933 1089 1050 1161 quarta
1066 1081 1154 1161 legio
1170 1101 1285 1162 parem
1303 1081 1438 1145 virtutis

305 1183 465 1265 5gloriam
482 1192 660 1246 consecuta
676 1193 736 1245 est.
784 1183 913 1265 Quarta
927 1183 1044 1246 victrix
1064 1184 1232 1248 desiderat
1248 1186 1437 1261 neminem;

327 1307 368 1350 ex
392 1286 515 1350 Martia
535 1307 603 1350 non
626 1287 708 1349 nulli
730 1286 765 1348 in
788 1286 862 1368 ipsa
879 1287 1017 1351 victoria
1041 1288 1266 1352 conciderunt.
1315 1289 1346 1354 O
1373 1291 1438 1353 ior-

326 1401 443 1454 tunata
459 1411 557 1467 mors,
571 1410 656 1473 quae
673 1401 811 1454 naturae
827 1390 940 1454 debita
955 1412 1016 1474 pro
1032 1394 1141 1474 patria
1155 1403 1207 1457 est
1223 1393 1435 1476 potissimum

327 1495 473 1559 reddita!
519 1496 590 1559 Vos
616 1515 696 1558 vero
727 1496 854 1577 patriae
884 1504 981 1559 natos
1011 1495 1129 1571 iudico,
1159 1518 1302 1579 quorum
1333 1500 1436 1561 etiam

326 1620 449 1662 nomen
473 1620 493 1661 a
517 1601 627 1662 Marte
650 1608 710 1674 est,
735 1608 772 1661 ut
794 1598 883 1662 idem
907 1600 991 1663 deus
1013 1600 1131 1664 urbem
1154 1602 1241 1664 hanc
1265 1602 1435 1683 gentibus

292 1723 386 1770 rovos
403 1703 480 1767 huic
497 1703 569 1766 urbi
587 1704 743 1783 genuisse
759 1702 918 1766 videatur.
968 1704 1009 1766 In
1030 1704 1113 1786 fuga
1133 1705 1236 1769 foeda
1259 1726 1349 1769 mors
1372 1717 1436 1783 est,

327 1806 360 1869 in
372 1807 510 1870 victoria
526 1808 679 1888 gloriosa.
728 1807 862 1870 Etenim
876 1809 969 1870 Mars
985 1809 1057 1888 ipse
1073 1829 1113 1870 ex
1125 1810 1201 1872 acie·
1212 1811 1436 1873 fortissimum

327 1931 493 1993 quemque
510 1912 678 1992 pignerari
694 1911 787 1974 solet.
836 1911 889 1973 Illi
905 1911 1007 1992 igitur
1028 1912 1130 1994 impii,
1148 1933 1232 1995 quos
1256 1914 1434 1989 cecidistis

326 2014 426 2079 etiam
440 2015 482 2077 ad
495 2014 619 2078 inferos
634 2034 760 2096 poenas
773 2015 940 2096 parricidii
956 2016 1069 2091 luent;
1084 2036 1144 2079 vos
1156 2036 1247 2091 ver0,
1261 2017 1318 2099 qui
1330 2028 1437 2081 extre·

327 2139 416 2181 mum
435 2120 586 2199 spiritum
603 2119 636 2179 in
652 2117 789 2180 victoria
811 2118 986 2195 effudistis,
1004 2119 1133 2201 piomm
1158 2122 1238 2183 estis
1261 2121 1378 2184 sedem
1402 2132 1438 2185 et

292 2253 316 2302 ις
327 2222 435 2285 locum
459 2223 639 2285 consecuti.
688 2222 803 2284 Brevis
826 2242 846 2284 a
869 2233 988 2285 natura
1010 2223 1079 2285 vita
1101 2223 1196 2287 vobis
1219 2224 1299 2287 data
1321 2235 1384 2301 est,
1401 2236 1438 2289 at

327 2327 486 2390 memoria
512 2326 598 2390 bene
625 2326 773 2389 redditae
800 2325 888 2389 vitae
919 2326 1130 2409 sempiterna.
1178 2327 1275 2411 Quae
1306 2330 1334 2392 si
1366 2350 1436 2394 non

327 2441 416 2494 esset
440 2430 569 2510 longior
591 2450 692 2512 quam
716 2431 797 2493 haec
820 2432 897 2505 vita,
922 2431 997 2513 quis
1020 2441 1109 2495 esset
1135 2441 1203 2495 tam
1232 2453 1349 2496 amens
1378 2436 1438 2517 qui

327 2534 478 2596 maximis
495 2533 661 2597 laboribus
674 2543 707 2596 et
723 2534 878 2615 periculis
891 2534 933 2596 ad
949 2555 1113 2597 summam
1131 2536 1263 2599 laudern
1279 2538 1439 2618 gloriam-

327 2658 393 2719 que
416 2636 653 2700 contenderet?
699 2637 824 2699 Actum
847 2637 948 2718 igitur
972 2640 1140 2719 praeclare
1163 2639 1347 2716 vobiscum,
1370 2643 1437 2705 for-

289 2740 454 2816 20tissimi‚
478 2741 557 2803 dum
579 2741 715 2816 vixistis,
737 2761 826 2803 nunc
850 2762 929 2804 vero
952 2741 1052 2804 etiam
1077 2743 1277 2806 sanctissimi
1301 2744 1436 2822 milites,

327 2845 416 2925 quod
436 2855 548 2907 vestra
567 2846 671 2907 virtus
695 2865 802 2926 neque
826 2845 990 2908 oblivione
1013 2866 1128 2909 eorum
1152 2847 1209 2929 qui
1232 2868 1321 2911 nunc
1345 2859 1436 2926 sunt,

302 2969 389 3013 nec
413 2948 585 3012 reticentia
609 2958 815 3030 posterorum
838 2950 971 3031 sepulta
994 2970 1068 3013 esse
1091 2951 1221 3033 poterit,
1239 2972 1315 3014 cum
1338 2953 1437 3017 vobis

327 3053 512 3116 immortale
529 3061 781 3115 monumentum
798 3052 867 3115 suis
883 3073 990 3135 paene
1008 3053 1161 3118 manibus
1177 3066 1313 3119 senatus
1331 3078 1439 3140 popu-

328 3158 445 3240 lusque
461 3158 632 3219 Romanus
645 3157 850 3221 exstruxerit.
889 3157 988 3220 Multi
999 3177 1101 3241 saepe
1113 3160 1278 3224 exercitus
1290 3161 1436 3238 Punicis,

290 3288 317 3337 25
329 3261 474 3337 Gallicis,
500 3261 625 3324 Italicis
647 3261 742 3324 bellis
766 3261 846 3324 clari
868 3271 902 3325 et
925 3261 1039 3343 magni
1062 3262 1208 3338 fuerunt,
1231 3283 1294 3327 nec
1320 3274 1437 3329 tamen

328 3365 403 3427 ullis
415 3366 482 3428 tale
498 3386 605 3447 genus
617 3368 751 3430 honoris
763 3366 923 3429 tributum
937 3375 995 3428 est.
1034 3366 1148 3448 Atque
1165 3367 1292 3429 utinam
1308 3371 1439 3433 maiora

329 3489 513 3550 possemus,
546 3470 679 3552 quando
709 3470 844 3552 quidem
875 3490 895 3532 a
924 3469 1019 3532 vobis
1050 3471 1192 3533 maxima
1222 3472 1436 3555 accepimus!

328 3574 398 3637 Vos
429 3573 471 3636 ab
502 3574 583 3637 urbe
614 3575 783 3639 furentem
814 3574 1000 3637 Antonium
1032 3574 1206 3651 avertistis,
1234 3596 1294 3639 vos
1325 3578 1437 3642 redire

329 3679 520 3741 molientem
541 3678 743 3760 reppulistis.
792 3678 865 3741 Erit
889 3678 990 3759 igitur
1012 3687 1180 3741 exstructa
1205 3681 1309 3743 moles
1332 3701 1437 3763 opere

291 3811 320 3859 ³0
330 3782 506 3863 magnifico
524 3781 713 3864 incisaeque
735 3783 864 3846 litterae
887 3782 1019 3845 divinae
1034 3782 1164 3845 virtutis
1188 3790 1291 3847 testes
1316 3789 1439 3867 sempi-

328 3896 461 3963 ternae3
494 3907 741 3968 numquamque
766 3886 807 3949 de
831 3886 926 3949 vobis
954 3907 1078 3962 eorum,
1106 3888 1162 3968 qui
1188 3897 1246 3950 aut
1272 3890 1438 3956 videbunt

328 4000 475 4054 vestrum
492 4001 743 4054 monumentum
759 3999 817 4053 aut
837 3990 982 4066 audient,
999 3989 1208 4072 gratissimus
1227 4012 1337 4057 sermo
1360 4015 1438 4059 con-
