3375 4775
487 582 646 631 ORATION
669 582 738 632 FOR
759 582 834 630 THE
858 583 946 632 POET
969 582 1125 631 ARCHIAS
1298 585 1358 651 205

671 805 882 882 Pnaonn‘rto,
910 822 946 868 12

255 960 401 1024 Archias
422 960 478 1024 tlte
490 970 575 1043 poet,
592 961 777 1043 gentlemen
800 961 842 1042 of
858 961 911 1023 tlte
925 961 1020 1043 jury,
1044 962 1074 1023 is
1096 984 1117 1024 a
1139 962 1272 1025 Roman
1292 961 1362 1024 citi-

517 1085 595 1138 aen;
611 1073 738 1146 protect
759 1064 830 1127 him
855 1064 890 1128 in
912 1064 966 1127 leis
990 1065 1105 1148 rights.

225 1291 227 1295 ,
300 1219 378 1302 Qua
400 1239 437 1281 re
460 1228 664 1295 conservate,
686 1217 821 1295 iudices,
844 1219 1011 1283 hominem
1037 1220 1164 1301 pudore
1187 1240 1236 1296 eo,
1261 1240 1360 1302 quem

253 1323 438 1386 amicorum
468 1322 588 1386 videtis
618 1323 828 1404 comprobari
860 1344 935 1386 cum
967 1323 1129 1405 dignitate
1159 1333 1229 1387 tum
1260 1326 1360 1387 etiam

252 1435 441 1501 vetustate;
465 1426 601 1507 ingenio
613 1436 724 1489 autem
736 1437 840 1503 tanto,
855 1438 1016 1509 quantum
1032 1428 1065 1490 id
1083 1427 1239 1491 convenit
1254 1428 1361 1491 existi-

254 1530 349 1606 mari,
373 1530 463 1612 quod
489 1550 691 1593 summorum
718 1532 891 1594 hominum
914 1531 1057 1613 ingeniis
1080 1531 1263 1614 expetitum
1287 1551 1361 1595 esse

252 1633 415 1711 videatis;
439 1653 541 1696 causa
554 1654 635 1697 vero
655 1634 727 1697 eius
750 1635 839 1697 modi
859 1655 945 1718 quae
963 1634 1126 1698 beneficio
1142 1635 1234 1716 legis,
1252 1644 1361 1698 aucto
1384 1664 1396 1714 5

254 1737 353 1801 ritate
369 1736 549 1819 municipii,
562 1738 752 1802 testimonio
770 1738 911 1815 Luculli,
928 1738 1050 1802 tabulis
1069 1739 1197 1802 Metelli
1213 1759 1361 1820 compro

253 1842 361 1905 betur.
409 1842 506 1924 Quae
527 1861 603 1905 cum
618 1843 665 1905 ita
683 1844 759 1918 sint,
777 1844 922 1925 petimus
938 1863 958 1905 a
973 1842 1077 1918 vobis,
1094 1842 1230 1919 iudices,
1247 1844 1275 1906 si
1296 1864 1362 1925 qua

255 1966 325 2009 non
345 1946 445 2008 modo
466 1945 622 2021 humana,
638 1966 753 2009 verum
776 1947 877 2010 etiam
901 1946 1013 2009 divina
1036 1946 1070 2009 in
1094 1948 1194 2010 tantis
1218 1949 1362 2028 ingeniis

255 2050 501 2113 commendatio
534 2049 634 2114 debet
666 2070 749 2126 esse,
782 2060 818 2114 ut
848 2071 924 2113 eum
957 2052 1013 2132 qui
1043 2070 1113 2126 vos,
1145 2052 1202 2133 qui
1232 2062 1361 2113 vestros

254 2155 482 2235 imperatores,
499 2154 555 2235 qui
577 2154 693 2236 populi
710 2156 854 2217 Romani
870 2176 924 2217 res
940 2164 1053 2236 gestas
1069 2174 1203 2237 semper
1222 2156 1361 2230 ornavit,
1373 2186 1399 2217 10

255 2257 313 2339 qui
347 2258 447 2319 etiam
482 2258 533 2320 his
567 2257 756 2320 recentibus
794 2258 916 2321 nostris
949 2260 1133 2340 vestrisque
1171 2258 1361 2322 domesticis

254 2360 411 2443 periculis
441 2370 613 2425 aeternum
645 2381 680 2425 se
710 2363 937 2426 testimonium
967 2362 1074 2427 laudis
1102 2363 1256 2427 daturum
1287 2382 1362 2427 esse

254 2467 439 2547 profitetur,
463 2477 580 2548 estque
602 2486 706 2530 exeo
729 2487 869 2531 numero
896 2468 951 2550 qui
975 2487 1108 2548 semper
1131 2467 1220 2549 apud
1245 2487 1362 2530 omnes

254 2571 363 2634 sancti
389 2579 467 2634 sunt
493 2571 597 2633 habiti
626 2572 738 2653 itaque
765 2571 854 2646 dicti,
883 2573 929 2634 sic
956 2572 989 2634 in
1016 2581 1161 2635 vestram
1192 2571 1362 2653 accipiatis

254 2675 355 2737 fidem
372 2683 409 2736 ut
425 2674 632 2738 humanitate
647 2684 759 2738 vestra
778 2675 908 2738 levatus
928 2676 1039 2758 potius
1060 2695 1161 2757 quam
1181 2676 1362 2739 acerbitate
1373 2702 1398 2749 15

253 2777 399 2841 violatus
414 2798 489 2842 esse
503 2778 663 2842 videatur.

298 2882 398 2965 Quae
418 2881 460 2946 de
481 2902 583 2945 causa
602 2903 662 2964 pro
683 2903 758 2946 mea
777 2882 1019 2947 consuetudine
1041 2884 1186 2946 breviter
1209 2883 1363 2965 simplici-

254 2996 372 3070 terque
403 2985 479 3061 dixi,
510 2985 646 3062 iudices,
678 3006 718 3049 ea
748 2987 879 3051 confido
913 2987 1053 3068 probata
1083 3007 1157 3050 esse
1189 2986 1361 3063 omnibus;

254 3111 340 3173 quae
371 3110 393 3153 a
425 3089 553 3153 forensi
587 3091 696 3152 aliena
730 3090 941 3173 iudicialique
977 3090 1218 3154 consuetudine
1253 3099 1287 3153 et
1321 3090 1362 3154 de

254 3192 399 3258 hominis
415 3194 551 3275 ingenio
566 3202 600 3256 et
621 3194 840 3256 communiter
856 3194 897 3256 de
913 3195 987 3275 ipso
1003 3194 1112 3257 studio
1133 3195 1261 3257 locutus
1277 3215 1360 3270 sum,
1371 3226 1399 3258 20

253 3319 301 3374 ea,
323 3297 464 3372 iudices,
486 3317 506 3358 a
526 3296 620 3360 vobis
642 3318 740 3379 spero
762 3318 836 3361 esse
859 3299 894 3359 in
917 3297 1039 3361 bonam
1063 3307 1192 3379 partem
1214 3307 1360 3380 accepta,

253 3403 358 3466 abeo
384 3401 442 3484 qui
464 3399 622 3463 iudicium
646 3412 777 3465 exercet
799 3410 890 3464 certo
914 3402 991 3464 scio.
