3375 4775
590 577 747 629 omnon
772 577 840 629 ron
864 576 1074 629 truncamus
1317 581 1378 649 207

274 748 324 803 tbe
337 757 446 802 earnest
459 748 604 802 entreaties
617 748 649 803 ol
664 748 707 802 his
721 749 809 802 friend
822 748 918 802 Cicero
935 757 964 802 to
982 758 1073 801 return
1091 758 1119 803 to
1137 748 1180 803 his
1196 749 1286 803 native
1303 749 1377 802 land.

275 836 473 906 Accordingly,
485 836 554 890 aiter
568 854 646 890 some
661 836 748 905 delay,
761 836 796 889 he
815 836 919 889 started
935 853 1010 904 upon
1029 836 1070 888 his
1086 835 1240 889 homeward
1257 836 1380 906 journey,

276 922 327 976 but
342 923 377 976 he
394 922 450 975 had
467 923 620 991 proceeded
633 924 699 993 only
711 940 742 976 as
757 922 797 975 far
813 940 843 975 as
861 922 970 976 Athens
986 922 1063 975 when
1079 922 1113 975 he
1127 940 1182 976 was
1194 922 1380 976 assassinated

276 1009 314 1080 by
327 1026 381 1063 one
394 1009 426 1063 ot
442 1009 484 1063 his
497 1010 665 1063 attendants.
705 1009 758 1062 His
773 1009 849 1078 body
863 1026 916 1062 was
934 1009 1040 1063 burned
1058 1009 1086 1062 in
1101 1009 1148 1063 the
1164 1009 1313 1078 Academy‚
1325 1009 1381 1062 and

276 1113 295 1148 a
307 1096 409 1150 marble
423 1104 585 1151 monument
598 1114 652 1149 was
665 1097 774 1151 erected
788 1105 817 1150 to
831 1096 874 1149 his
887 1114 1019 1166 memory.

704 1302 901 1376 Exonmuu,
931 1320 942 1363 1

284 1446 350 1509 The
371 1446 615 1529 magnam'mity
640 1448 680 1528 os
702 1444 825 1510 Caesar
846 1447 880 1508 in
900 1448 1092 1529 pardoning
1110 1448 1290 1511 Marcellus
1309 1448 1338 1510 is
1360 1470 1381 1510 a

448 1549 559 1632 briglzt
579 1572 672 1614 omen
685 1551 750 1631 for
769 1550 822 1612 tlte
834 1551 955 1631 future
977 1552 1017 1632 of
1034 1551 1085 1613 tle
1107 1561 1198 1614 state.

325 1715 350 1758 1.
385 1696 544 1758 Diutumi
559 1696 690 1769 silentii,
709 1706 820 1777 patres
837 1698 1026 1777 conscripti,
1045 1718 1110 1779 quo
1127 1717 1217 1759 eram
1235 1699 1286 1760 his
1303 1707 1382 1760 tem-

278 1800 414 1882 poribus
430 1820 510 1862 usus
526 1820 594 1862 non
613 1802 732 1863 timore
755 1801 874 1882 aliquo,
893 1801 952 1862 sed
976 1802 1096 1881 partim
1120 1802 1243 1876 dolore,
1262 1803 1379 1882 partim

277 1905 488 1979 verecundia,
513 1904 611 1967 finem
644 1883 824 1966 hodiernus
848 1903 918 1967 die's
942 1905 1052 1967 attulit
1075 1905 1229 1987 idemque
1253 1907 1382 1967 initium

277 2028 363 2089 quae
379 2009 499 2071 vellem
524 2028 677 2090 quaeque
693 2009 851 2071 sentirem
868 1997 942 2071 meo
961 2010 1101 2088 pristino
1126 2030 1216 2071 more
1240 2009 1380 2071 dicendi.
1411 2040 1413 2043 ·

277 2112 422 2173 Tantam
434 2112 522 2173 enim
535 2113 835 2187 mansuetudinem,
848 2122 914 2174 tam
926 2112 1116 2174 inusitatam
1133 2114 1382 2195 inauditamque
1407 2140 1417 2187 5

276 2217 499 2291 clementiam,
523 2225 653 2278 tantum
678 2215 711 2277 in
743 2236 872 2278 summa
896 2226 1062 2297 potestate
1092 2236 1202 2278 rerum
1234 2217 1381 2279 omnium

276 2320 423 2396 modum,
447 2328 513 2382 tam
546 2319 690 2403 denique
721 2320 946 2382 incredibilem
979 2320 1174 2402 sapientiam
1206 2341 1244 2383 ac
1276 2341 1383 2403 paene

275 2424 424 2486 divinam
447 2423 568 2487 tacitus
591 2425 772 2506 praeterire
795 2425 887 2487 nullo
912 2427 1009 2488 modo
1034 2446 1179 2506 possum.
1228 2427 1275 2488 M.
1293 2427 1382 2488 enim

277 2529 440 2592 Marcello
463 2530 566 2607 vobis,
587 2541 699 2612 patres
723 2532 913 2612 conscripti,
930 2531 1044 2612 reique
1068 2530 1219 2611 publicae
1243 2530 1381 2605 reddito,

274 2653 345 2695 non
362 2632 449 2696 illius
465 2634 581 2710 solum,
600 2636 657 2699 sed
675 2634 774 2698 etiam
791 2655 898 2697 meam
916 2655 1030 2697 vocem
1048 2644 1081 2697 et
1097 2635 1327 2697 auctoritatem
1350 2645 1383 2697 et
1394 2662 1420 2692 10

273 2737 372 2800 vobis
388 2748 422 2801 et
437 2739 485 2801 rei
501 2739 653 2820 publicae
670 2750 898 2802 conservatam
917 2759 954 2801 ac
971 2741 1157 2801 restitutam
1175 2749 1264 2819 puto.

324 2843 489 2906 Dolebam
506 2843 603 2920 enim,
621 2856 733 2926 patres
750 2847 938 2925 conscripti,
957 2855 989 2907 et
1005 2844 1222 2906 vehementer
1234 2843 1383 2924 angebar

273 2947 384 3010 virum
408 2947 518 3023 talem,
536 2949 662 3010 cumin
681 2950 798 3012 eadem
817 2969 918 3011 causa
939 2949 973 3009 in
995 2968 1060 3029 qua
1079 2967 1142 3027 ego
1166 2947 1294 3020 fuisset,
1315 2967 1382 3009 non

274 3052 310 3113 in
328 3052 445 3115 eadem
462 3072 536 3116 esse
551 3053 705 3128 fortuna;
730 3074 792 3117 nec
816 3054 897 3115 mihi
921 3054 1122 3135 persuadere
1147 3063 1297 3132 poteram
1320 3071 1382 3114 nec

275 3155 330 3218 fas
354 3175 428 3218 esse
452 3156 613 3219 ducebam
637 3156 764 3221 versari
786 3178 839 3221 me
863 3157 896 3219 in
921 3167 1034 3220 nostro
1065 3166 1177 3218 vetere
1209 3155 1380 3230 curriculo
1394 3178 1418 3225 ις

275 3259 333 3322 illo
356 3260 489 3323 aemulo
511 3272 611 3342 atque
627 3262 791 3325 imitatore
808 3261 993 3324 studiorum
1010 3281 1048 3323 ac
1065 3260 1215 3323 laborum
1232 3279 1381 3321 meorum

276 3362 372 3444 quasi
396 3365 541 3445 quodam
564 3364 654 3429 socio
677 3387 696 3427 a
720 3386 772 3429 me
803 3375 836 3428 et
868 3367 987 3428 comite
1018 3364 1185 3426 distracto.
1235 3363 1325 3443 Ergo
1349 3371 1383 3424 et

276 3466 357 3529 mihi
375 3487 471 3531 meae
487 3468 646 3549 pristinae
664 3471 752 3533 vitae
776 3470 1061 3541 consuetudinem,
1080 3469 1115 3531 C.
1135 3469 1268 3542 Caesar,
1285 3466 1382 3529 inter-

275 3571 401 3635 clusam
420 3571 580 3653 aperuisti
596 3574 696 3635 ethis
712 3573 866 3635 omnibus
883 3574 925 3634 ad
941 3573 1027 3634 bene
1044 3572 1085 3633 de
1102 3571 1191 3634 omni
1201 3591 1236 3633 re
1250 3570 1382 3651 publica

275 3675 483 3757 sperandum
506 3677 602 3756 quasi
629 3678 760 3757 signum
784 3676 918 3757 aliquod
951 3675 1121 3738 sustulisti.
1170 3674 1380 3736 Intellectum
1392 3698 1419 3729 20

275 3791 323 3844 est
339 3779 433 3845 enim
450 3779 532 3840 mihi
549 3779 680 3861 quidem
701 3780 734 3841 in
754 3780 866 3841 multis
889 3789 923 3843 et
945 3781 1087 3841 maxime
1103 3778 1136 3839 in
1153 3797 1206 3839 me
1223 3777 1304 3858 ipso,
1323 3779 1381 3839 sed

274 3886 372 3966 paulo
405 3891 487 3946 ante
510 3882 673 3958 omnibus,
698 3903 772 3945 cum
807 3884 853 3945 M.
883 3883 1077 3945 Marcellum
1109 3882 1239 3944 senatui
1269 3882 1382 3962 reique

273 3989 430 4072 publicae
454 3987 656 4064 concessisti,
682 3986 949 4050 commemoratis
973 3986 1168 4068 praesertim
1193 3985 1383 4047 offensioni·
