3375 4775
580 570 655 620 THE
678 572 915 622 FOURTEENTH
941 573 1117 623 PHILIPPIC
1335 580 1397 644 243

292 744 351 826 qui
377 743 447 807 dies
476 743 575 807 hodie
600 755 660 820 est,
686 765 760 807 cum
792 740 941 809 fascibus
972 748 1219 811 descensurum.
1280 748 1320 811 ln
1344 749 1398 811 ali-

293 867 393 929 quem
433 848 533 910 credo
571 848 634 910 hoc
672 849 891 929 gladiatorem
930 862 989 913 aut
1025 850 1188 914 latronem
1223 864 1281 916 aut
1312 854 1398 917 Cati-

293 950 396 1013 linam
420 971 495 1015 esse
519 952 697 1029 conlatum,
719 973 786 1016 non
809 954 843 1015 in
868 974 944 1017 eum
968 954 1090 1037 quine
1114 956 1192 1038 quid
1216 958 1282 1020 tale
1305 958 1339 1019 in
1363 978 1398 1021 re

295 1054 430 1136 publica
452 1056 524 1118 lieri
547 1066 660 1137 posset
683 1056 842 1119 effecerit.
899 1059 956 1121 An
981 1069 1017 1121 ut
1042 1079 1114 1140 ega,
1139 1061 1196 1142 qui
1221 1060 1397 1124 Catilinam

294 1160 379 1221 haec
418 1160 608 1221 molientem
648 1160 848 1237 sustulerim,
881 1164 1065 1239 everterim,
1102 1164 1293 1240 adflixerim,
1325 1164 1432 1247 ipse5

273 1264 488 1334 gexsisterem
511 1259 650 1344 repente
675 1265 839 1328 Catilina?
894 1266 1025 1347 Quibus
1048 1269 1205 1348 auspiciis
1228 1270 1309 1331 istos
1333 1270 1398 1331 ias-

295 1386 352 1429 ces
379 1387 486 1448 augur
512 1369 707 1450 acciperem,
736 1379 902 1451 quatenus
934 1370 1101 1447 haberem,
1130 1372 1183 1434 cui
1209 1372 1397 1435 traderem?

296 1470 555 1553 Quemquamne
586 1472 692 1535 fuisse
726 1482 795 1535 tam
829 1474 1026 1538 sceleratum
1061 1476 1118 1557 qui
1150 1476 1213 1539 hoc
1247 1478 1396 1558 fingeret,

294 1585 364 1638 tam
381 1576 543 1637 furiosum
563 1577 619 1658 qui
638 1576 808 1639 crederet?
855 1578 956 1643 Unde
977 1578 1078 1659 igitur
1098 1580 1161 1642 ista
1181 1580 1325 1662 suspicio
1344 1583 1398 1644 vel

295 1680 408 1761 potius
431 1680 520 1742 unde
542 1680 605 1743 iste
629 1681 758 1743 sermo?
1409 1713 1436 1744 ιο

302 1934 381 1996 This
398 1955 510 1997 memor
522 1934 584 1997 has
603 1934 679 1998 been
694 1936 868 1999 answered
879 1936 918 2017 by
934 1937 986 2000 tlze
1008 1938 1122 2019 public
1150 1938 1349 2001 declaration
1365 1941 1406 2021 as

340 2037 394 2100 the
416 2039 547 2101 Roman
561 2039 677 2120 people
699 2040 807 2102 tlzatl
818 2040 903 2103 leave
919 2041 1200 2104 nevercaerisaed
1218 2064 1239 2105 a
1262 2043 1400 2126 thought

338 2142 475 2225 against
499 2142 552 2205 tlte
572 2152 677 2242 state.-

340 2310 369 2373 6.
403 2308 498 2383 Cum,
530 2316 566 2369 ut
593 2306 693 2384 scitis,
718 2308 782 2372 hoc
812 2308 921 2371 triduo
951 2308 1003 2371 vel
1035 2309 1218 2392 quadriduo
1246 2312 1348 2374 tristis
1379 2332 1398 2373 a

299 2417 432 2478 Mutina
448 2415 539 2477 fama
555 2425 714 2492 manaret,
733 2415 838 2479 inflati
856 2416 979 2478 laetitia
995 2427 1095 2499 atque
1111 2417 1289 2480 insolentia
1305 2417 1398 2498 impii

296 2519 385 2582 cives
399 2539 503 2581 unum
519 2538 555 2582 se
571 2520 604 2581 in
630 2519 738 2582 locum
762 2519 803 2581 ad
827 2521 918 2582 illam
942 2520 1066 2583 curiam
1091 2521 1185 2583 iuriis
1204 2521 1313 2602 potius
1330 2521 1397 2583 suis

297 2645 396 2706 quam
413 2624 460 2687 rei
477 2623 629 2705 publicae
652 2622 819 2686 infelicem
843 2625 1102 2705 congregabant.
1151 2624 1202 2687 Ibi
1225 2646 1300 2688 cum
1324 2646 1398 2689 con·

297 2728 368 2790 silia
391 2728 513 2791 inirent
536 2729 578 2791 de
605 2728 707 2791 caede
735 2738 848 2791 nostra
876 2731 1140 2811 partirenturque
1171 2729 1257 2792 inter
1283 2750 1318 2792 se
1342 2731 1433 2812 qui15

298 2833 509 2913 Capitolium,
527 2831 584 2914 qui
598 2842 715 2908 rostra,
733 2832 789 2914 qui
811 2833 900 2896 urbis
923 2843 1036 2914 portas
1056 2844 1268 2914 occuparent,
1287 2836 1397 2897 adme

296 2958 495 3001 concursum
519 2938 668 3000 futurum
693 2938 834 3001 civitatis
858 2937 1029 3020 putabant.
1078 2938 1177 3019 Quod
1201 2948 1237 2999 ut
1260 2958 1335 3000 cum
1352 2940 1399 3000 in·

296 3044 383 3107 vidia
400 3063 475 3106 mea
487 3044 581 3107 fieret
604 3053 637 3107 et
660 3063 736 3106 cum
759 3043 846 3106 vitae
869 3043 968 3106 etiam
986 3043 1141 3125 pericula,
1159 3043 1282 3105 famam
1300 3043 1397 3105 istam

297 3149 438 3212 fascium
455 3147 710 3229 dissipaverunt,
727 3148 838 3210 fasces
862 3149 927 3229 ipsi
953 3148 995 3210 ad
1020 3169 1072 3210 me
1089 3148 1230 3211 delaturi
1251 3148 1395 3210 fuerunt.

297 3253 397 3335 Quod
414 3272 490 3315 cum
506 3262 595 3315 esset
621 3253 715 3334 quasi
742 3272 817 3314 mea
841 3253 1012 3315 voluntate
1036 3252 1172 3326 iactum,
1190 3261 1260 3314 tum
1287 3251 1320 3313 in
1344 3271 1397 3313 me
1407 3278 1435 3309 20

294 3356 442 3438 impetus
457 3356 697 3420 conductorum
715 3355 886 3418 hominum
904 3355 999 3437 quasi
1015 3355 1048 3417 in
1066 3366 1244 3439 tyrannum
1262 3355 1399 3437 paraba-

293 3468 356 3536 tur,
368 3480 409 3522 ex
426 3480 491 3542 quo
507 3460 627 3522 caedes
643 3469 732 3523 esset
744 3469 891 3523 vestrum
903 3460 1050 3522 omnium
1067 3469 1254 3522 consecuta.
1302 3459 1398 3540 Quae

291 3583 347 3629 res
364 3564 535 3645 patefecit,
550 3574 662 3645 patres
674 3563 864 3645 conscripti,
877 3564 935 3626 sed
952 3584 1011 3626 suo
1022 3572 1171 3644 tempore
1188 3563 1287 3626 totius
1301 3564 1398 3625 huius

291 3669 430 3732 sceleris
454 3667 531 3731 fons
547 3669 722 3750 aperietur.

338 3772 460 3854 Itaque
473 3771 506 3833 P.
519 3771 693 3853 Apuleius,
705 3771 858 3834 tribunus
872 3771 986 3853 plebis,
999 3790 1146 3834 meorum
1159 3771 1307 3834 omnium
1325 3791 1398 3834 con·
1407 3794 1434 3843 25

292 3875 443 3939 siliorum
461 3875 749 3957 periculorumque
770 3876 834 3938 iam
854 3875 931 3938 inde
955 3896 974 3937 a
998 3876 1172 3937 consulatu
1196 3895 1270 3937 meo
1293 3875 1396 3951 testiS,

292 3979 459 4056 conscius,
473 3978 611 4054 adiutor,
626 3980 775 4043 dolorem
786 3980 873 4042 ferre
885 3999 951 4042 non
968 3978 1076 4061 potuit
1091 3979 1214 4042 doloris
1225 3979 1307 4056 mei;
1324 3999 1399 4042 con·
