3375 4775
328 578 392 641 216
679 583 856 634 ormrrous
880 583 925 632 or
948 582 1075 631 cronno

328 783 462 846 quaeso,
480 782 523 825 ne
544 771 601 824 tua
622 760 734 823 divina
750 760 854 821 virtus
871 756 1097 820 admirationis
1119 755 1194 837 plus
1216 755 1259 819 sit
1280 754 1431 818 habitura

328 887 427 949 quam
452 866 586 947 gloriae,
607 864 634 926 si
658 863 790 945 quidem
814 861 920 943 gloria
943 870 994 923 est
1016 859 1164 923 inlustris
1188 879 1227 922 ac
1251 868 1431 940 pervagata

330 990 526 1051 magnorum
550 970 603 1030 vel
627 968 660 1028 in
684 986 761 1028 suos
786 965 874 1028 cives
899 964 951 1027 vel
977 963 1011 1026 in
1035 963 1176 1046 patriam
1200 964 1254 1025 vel
1277 962 1312 1023 in
1335 982 1432 1025 omne

328 1095 435 1157 genus
459 1073 630 1136 bominum
654 1072 746 1133 fama
768 1070 969 1131 meritorum.

329 1330 463 1392 Restare
485 1327 537 1390 tlte
550 1336 716 1408 prostrate
738 1324 879 1405 republe'c
899 1334 930 1386 to
945 1335 1044 1405 peace
1064 1322 1135 1385 and
1145 1322 1339 1404 prospeeity,
1362 1323 1430 1385 and

485 1433 607 1516 future
623 1428 833 1513 generations
858 1427 932 1489 roe'll
953 1426 1034 1489 bless
1052 1448 1141 1508 your
1161 1448 1265 1488 eratne.

308 1629 320 1680 ς
373 1616 403 1676 9.
437 1596 533 1658 Haec
555 1592 654 1674 igitur
676 1591 736 1654 tibi
756 1590 883 1672 reliqua
904 1610 982 1671 pars
1003 1598 1063 1664 est,
1081 1588 1134 1651 hic
1154 1597 1258 1651 restat
1280 1600 1385 1665 actus,
1401 1591 1432 1651 in

331 1702 394 1764 hoc
410 1698 647 1763 elaborandum
664 1706 724 1771 est,
742 1706 778 1757 ut
793 1715 863 1757 rem
884 1693 1050 1774 publicam
1067 1694 1260 1769 constituas
1277 1714 1385 1776 eaque
1401 1704 1433 1756 tu

331 1805 365 1868 iu
387 1804 502 1887 primis
523 1820 653 1863 summa
676 1798 914 1881 tranquillitate
938 1808 972 1860 et
995 1798 1061 1860 otio
1085 1797 1277 1878 pertruare3
1303 1807 1374 1860 tum
1393 1807 1431 1872 te,

331 1910 360 1973 si
381 1908 483 1982 voles,
508 1925 583 1968 cum
607 1913 640 1967 et
656 1903 794 1984 patriae
821 1902 910 1984 quod
938 1901 1040 1964 debes
1065 1900 1202 1963 solveris
1225 1909 1258 1963 et
1282 1911 1433 1963 naturam

331 2016 438 2095 ipsam
459 2010 644 2092 expleveris
666 2007 819 2070 satietate
840 2006 984 2083 vivendi,
1002 2008 1083 2069 satis
1104 2006 1161 2069 diu
1181 2006 1304 2069 vixisse
1326 2007 1431 2070 dicito.

296 2143 322 2175 ιο
332 2117 422 2201 Quid
445 2115 532 2179 enim
555 2121 606 2177 est
626 2113 762 2174 omnino
786 2111 849 2174 hoc
872 2112 982 2191 ipsum
1007 2110 1073 2186 diu,
1090 2112 1124 2171 in
1147 2131 1213 2192 quo
1237 2120 1289 2173 est
1312 2111 1434 2193 aliquid

250 2260 254 2268 -
332 2218 537 2284 extremum?
584 2217 684 2299 Quod
711 2236 786 2278 cum
812 2215 914 2290 venit,
941 2216 1048 2277 omnis
1075 2214 1229 2296 voluptas
1257 2216 1434 2297 praeterita

333 2345 392 2409 pro
416 2323 518 2386 nihilo
543 2331 603 2399 est,
624 2320 700 2404 quia
724 2329 841 2402 postea
864 2320 955 2380 nulla
978 2329 1030 2381 est
1052 2319 1174 2381 lutura.
1222 2319 1434 2403 Quamquam

332 2432 393 2495 iste
410 2441 486 2495 tuus
502 2432 631 2496 animus
648 2453 829 2515 numquam
849 2434 899 2495 his
917 2433 1087 2514 angustiis
1105 2454 1188 2515 quas
1205 2443 1326 2495 natura
1342 2431 1433 2496 nobis

332 2536 373 2598 ad
397 2536 574 2599 vivendum
600 2537 699 2613 dedit,
725 2546 902 2601 contentus
927 2538 998 2613 fuit,
1024 2557 1157 2619 semper
1179 2536 1434 2600 immortalitatis

296 2658 320 2708 15
332 2660 443 2703 amore
467 2640 629 2721 flagravit.

377 2745 449 2807 Nec
472 2765 550 2808 vero
578 2745 660 2808 haec
688 2756 746 2809 tua
768 2747 836 2810 vita
863 2747 1016 2810 ducenda
1042 2756 1101 2822 est,
1127 2766 1212 2828 quae
1238 2765 1379 2827 corpore
1404 2753 1434 2808 et

332 2849 449 2930 spiritu
480 2851 675 2913 continetur.
725 2851 795 2926 Illa,
824 2852 970 2933 inquam,
998 2852 1054 2913 illa
1080 2853 1149 2914 vita
1175 2859 1226 2914 est
1256 2860 1323 2926 tua,
1353 2869 1434 2932 quae

331 2953 458 3035 vigebit
474 2955 633 3017 memoria
652 2956 859 3017 saeculorum
876 2957 1031 3030 omnium,
1050 2976 1149 3036 quam
1166 2957 1345 3035 posteritas
1362 2954 1432 3026 alet,

332 3077 432 3139 quam
452 3057 524 3139 ipsa
546 3060 725 3122 aeternitas
746 3080 879 3141 semper
900 3059 1053 3122 tuebitur.
1103 3058 1192 3122 Huic
1208 3069 1244 3121 tu
1265 3058 1432 3131 inservias,

296 3161 410 3223 20huic
433 3170 465 3224 te
489 3171 637 3225 ostentes
661 3173 809 3243 oportet;
835 3184 921 3245 quae
945 3163 1078 3246 quidem
1102 3184 1188 3245 quae
1212 3164 1350 3225 miretur
1373 3163 1433 3225 iam

334 3265 461 3347 pridem
478 3265 581 3327 multa
597 3265 716 3341 habet;
741 3267 944 3330 nuncetiam
962 3287 1047 3348 quae
1064 3267 1176 3330 laudet
1191 3275 1372 3348 exspectat.

378 3368 628 3449 Obstupescent
646 3373 770 3451 posteri
787 3382 875 3434 certe
892 3371 1039 3453 imperia,
1054 3371 1250 3452 provincias,
1267 3369 1433 3443 Rben'um,

334 3473 518 3549 Oceanum,
545 3473 668 3549 Nilum,
695 3495 825 3556 pugnas
849 3475 1117 3549 innumerabiles
1140 3474 1351 3538 incredibiles
1375 3474 1435 3537 vic-

334 3576 443 3653 torias,
457 3588 680 3654 monumenta,
695 3599 842 3653 munera,
856 3581 1043 3661 triumphos
1057 3579 1229 3642 audientes
1241 3588 1275 3642 et
1286 3579 1435 3660 legentes

296 3708 323 3757 25
334 3692 418 3745 tuos.
465 3681 531 3745 Sed
549 3680 613 3743 nisi
630 3682 712 3744 haec
728 3684 807 3745 urbs
827 3683 971 3746 stabilita
986 3685 1051 3746 tuis
1068 3684 1212 3746 consiliis
1228 3691 1262 3746 et
1278 3680 1434 3745 institutis

334 3787 404 3862 erit,
422 3784 596 3866 vagabitur
617 3786 715 3850 modo
737 3797 830 3850 tuum
852 3785 983 3850 nomen
996 3790 1095 3868 longe
1114 3799 1214 3869 atque
1231 3787 1306 3862 late,
1325 3786 1434 3850 sedem

335 3890 487 3953 stabilem
503 3899 536 3952 et
551 3890 751 3952 domicilium
770 3903 896 3955 certum
914 3913 980 3954 non
997 3892 1141 3954 habebit.
1191 3890 1262 3953 Erit
1278 3889 1435 3953 intereos

334 3994 434 4058 etiam
456 3994 512 4076 qui
529 4004 717 4072 nascentur,
735 3994 819 4058 sicut
839 3997 926 4058 inter
947 4016 1007 4058 nos
1029 3995 1102 4070 fuit,
1120 4015 1243 4076 magna
1264 3993 1433 4065 dissensio
