3375 4775
621 558 781 609 ORATION
804 558 874 609 FOR
897 559 1064 611 LIGARIUS
1332 568 1394 629 223

292 732 401 815 quoad
423 731 589 795 tenendos
612 732 748 814 putavi;
773 732 829 815 qui
845 731 926 795 mihi
942 742 1012 796 tum
1029 733 1173 817 denique
1196 756 1231 798 se
1255 737 1395 799 salutem

293 836 422 919 putavit
433 836 585 911 reddere,
598 835 626 898 si
636 856 710 899 eam
724 836 822 899 nullis
836 838 1011 918 spoliatam
1025 839 1228 901 ornamentis
1240 839 1394 903 dedisset.
1407 835 1410 839 “

334 939 432 1014 Vide,
448 960 584 1021 quaeso,
601 940 744 1016 Tubero,
762 950 799 1003 ut
822 941 879 1022 qui
898 940 940 1004 de
961 961 1035 1004 meo
1057 943 1146 1005 iacto
1165 963 1232 1005 non
1249 944 1396 1007 dubitem
1444 966 1447 971 ·

293 1044 334 1108 de
358 1044 474 1125 Ligari
496 1063 564 1106 non
591 1043 732 1107 audeam
764 1043 923 1107 confiteri.
970 1045 1084 1126 Atque
1108 1047 1190 1110 baec
1222 1060 1398 1132 propterea

294 1147 335 1211 de
362 1167 416 1210 me
443 1147 520 1223 dixi,
538 1157 574 1210 ut
601 1147 682 1209 mihi
705 1146 850 1223 Tubero,
876 1167 953 1210 eum
978 1149 1019 1210 de
1043 1169 1079 1211 se
1102 1151 1217 1213 eadem
1243 1142 1397 1232 dicerem,
1423 1178 1434 1229 ς

294 1253 483 1335 ignosceret
495 1272 503 1329 ;
549 1254 643 1315 cuius
673 1271 737 1333 ego
767 1252 950 1315 industriae
982 1256 1172 1338 gloriaeque
1211 1260 1308 1322 faveo
1345 1260 1400 1323 vel

294 1366 431 1440 propter
460 1356 683 1439 propinquam
709 1357 952 1438 cognationem,
977 1359 1031 1421 vel
1056 1361 1145 1441 quod
1170 1362 1240 1425 eius
1265 1364 1399 1444 ingenio

295 1465 478 1547 studiisque
492 1464 647 1540 delector,
664 1464 718 1526 vel
734 1465 823 1546 quod
840 1465 971 1529 laudem
985 1465 1206 1529 adulescentis
1224 1467 1400 1549 propinqui

295 1570 446 1633 existimo
461 1570 562 1632 etiam
579 1567 621 1631 ad
637 1588 748 1631 meum
764 1568 908 1650 aliquem
926 1570 1071 1631 fructum
1088 1571 1284 1633 redundare.

338 1676 408 1739 Sed
421 1674 485 1737 hoc
499 1693 640 1756 quaero:
666 1672 750 1754 Quis
761 1683 857 1755 putat
871 1694 944 1736 esse
958 1675 1080 1736 crimen
1095 1674 1199 1737 fuisse
1213 1675 1246 1736 in
1260 1674 1400 1738 Africa?
1412 1700 1438 1733 ιο

297 1778 429 1861 Nempe
445 1779 473 1842 is
489 1778 546 1861 qui
562 1788 595 1842 et
614 1777 687 1860 ipse
710 1778 743 1840 in
768 1779 885 1841 eadem
910 1778 1030 1840 Africa
1053 1798 1126 1840 esse
1149 1779 1252 1841 voluit
1273 1789 1306 1841 et
1330 1799 1402 1859 pro-

296 1883 436 1947 hibitum
453 1904 490 1946 se
506 1903 526 1946 a
543 1883 678 1964 Ligario
694 1881 842 1964 queritur
859 1892 891 1944 et
907 1892 996 1945 certe
1013 1892 1129 1944 contra
1150 1884 1259 1963 ipsum
1284 1884 1401 1946 Caesa-

297 2008 365 2051 rem
381 1997 434 2050 est
452 2006 652 2067 congressus
668 1996 824 2048 armatus.
873 1985 962 2068 Quid
979 1987 1076 2058 enim,
1094 1986 1236 2060 Tubero,
1254 1995 1329 2048 tuus
1347 1986 1401 2048 ille

299 2092 474 2155 destrictus
490 2091 524 2152 in
541 2091 611 2153 acie
629 2089 818 2153 Pharsalica
842 2090 973 2170 gladius
997 2089 1141 2170 agebat?
1187 2090 1290 2153 Cuius
1314 2090 1400 2151 latus

300 2194 350 2257 ille
378 2213 493 2257 mucro
516 2193 674 2274 petebat?
720 2193 788 2275 Qui
812 2214 931 2256 sensus
959 2203 1030 2256 erat
1055 2213 1220 2255 armorum
1243 2192 1437 2266 tuorum?15

301 2296 395 2379 Quae
408 2307 466 2360 tua
476 2317 580 2373 mens,
594 2296 689 2373 oculi,
704 2317 831 2371 manuS,
841 2297 939 2359 ardor
949 2296 1072 2358 animi?
1120 2295 1209 2377 Quid
1221 2295 1400 2377 cupiebas?

303 2403 391 2485 Quid
414 2402 577 2485 optabas?
630 2400 739 2465 Nimis
763 2420 883 2481 urgeo;
909 2397 1109 2461 commoveri
1133 2397 1264 2460 videtur
1292 2397 1401 2459 adule-

303 2526 408 2570 scens.
455 2506 513 2569 Ad
536 2525 590 2569 me
612 2513 768 2568 revertar.
816 2503 928 2566 Isdem
952 2503 986 2563 in
1009 2501 1110 2563 armis
1132 2501 1190 2562 fui.

309 2756 338 2819 T
333 2755 437 2833 ubero,
447 2776 515 2838 you
530 2755 614 2817 have
627 2753 700 2817 had
712 2752 765 2816 the
781 2753 860 2833 full
879 2751 996 2835 benefit
1013 2752 1053 2831 of
1072 2749 1220 2814 Caesar's
1235 2751 1400 2830 clemency,

498 2868 558 2940 yet
563 2879 631 2940 you
647 2869 758 2939 oppose
772 2857 825 2919 tlte
838 2857 968 2938 pardon
984 2857 1024 2936 of
1033 2854 1204 2936 Ligarius.

345 3047 375 3105 4.
408 3025 499 3109 Quid
521 3034 634 3088 autem
658 3023 748 3086 aliud
773 3023 911 3104 egimus
928 3021 1071 3098 Tubero,
1090 3023 1154 3085 nisi
1179 3031 1214 3084 ut
1238 3021 1326 3104 quod
1350 3021 1404 3082 hic

307 3135 418 3208 potest
444 3144 506 3188 nos
528 3124 725 3206 possemus?
771 3123 921 3205 Quorum
946 3122 1045 3204 igitur
1072 3121 1260 3202 impunitas,
1284 3123 1445 3185 Caesar20

309 3241 385 3293 tuae
402 3227 599 3292 clementiae
615 3228 687 3291 laus
704 3239 763 3302 est,
781 3247 893 3290 eorum
912 3226 1058 3308 ipsorum
1075 3225 1117 3287 ad
1131 3225 1358 3288 crudelitatem
1375 3235 1407 3287 te

306 3342 403 3396 acuet
430 3333 558 3395 oratio?
604 3332 718 3414 Atque
748 3332 782 3393 in
812 3331 876 3393 hac
907 3350 1007 3393 causa
1038 3350 1105 3391 non
1134 3329 1216 3390 nihil
1243 3329 1406 3410 equidem,

306 3438 449 3509 Tubero,
467 3437 567 3498 etiam
584 3445 685 3512 tuam,
705 3438 762 3501 sed
780 3438 883 3498 multo
899 3437 1004 3516 magis
1018 3436 1121 3515 patris
1138 3433 1185 3495 tui
1198 3433 1407 3512 prudentiam

308 3544 471 3620 desidero,
489 3545 578 3626 quod
601 3545 700 3607 homo
722 3563 796 3606 cum
818 3542 953 3623 ingenio
975 3550 1044 3602 tum
1067 3541 1166 3602 etiam
1190 3537 1339 3599 doctrina
1358 3556 1409 3598 ex-

306 3652 433 3715 cellens
459 3670 566 3732 genus
584 3651 646 3713 hoc
664 3669 784 3712 causae
803 3649 892 3730 quod
911 3658 999 3710 esset
1015 3667 1082 3709 non
1100 3647 1228 3710 viderit.
1277 3644 1363 3704 Nam
1381 3639 1444 3715 si25

306 3757 455 3829 vidisset,
468 3755 586 3836 quovis
602 3753 753 3835 profecto
769 3773 869 3833 quam
886 3751 948 3813 isto
966 3751 1064 3813 modo
1077 3771 1096 3812 a
1108 3760 1141 3812 te
1157 3752 1211 3831 agi
1228 3750 1405 3811 maluisset.

349 3858 480 3941 Arguis
513 3858 685 3920 fatentem.
737 3857 813 3918 Non
847 3864 898 3918 est
933 3856 1030 3929 satis;
1070 3874 1206 3917 accusas
1242 3873 1316 3916 eum
1352 3851 1409 3934 qui

306 3982 446 4028 causam
470 3960 572 4024 habet
597 3969 665 4035 aut,
690 3969 726 4022 ut
753 3979 816 4039 ego
845 3958 928 4032 dico,
954 3958 1122 4019 meliorem
1152 3977 1250 4038 quam
1278 3966 1314 4018 tu
1341 3966 1409 4034 aut,
