3375 4775
361 590 419 668 158
709 602 887 653 onarrous
908 601 954 653 or
975 601 1104 652 cronno

357 776 528 838 lacessitus
547 777 754 838 occasianem
773 775 836 838 sibi
855 777 897 838 ad
919 776 1150 859 occupandam
1170 777 1290 840 Asiam
1312 777 1459 842 oblatam

355 898 429 941 esse
458 878 641 941 arbitratur.
691 878 867 959 Equitibus
900 880 1069 955 Romanis,
1098 881 1342 945 honestissimis
1369 885 1457 958 viris,

356 982 554 1044 adferuntur
583 1001 623 1044 ex
653 981 737 1064 Asia
764 984 885 1044 cotidie
909 983 1048 1059 litterae,
1066 992 1205 1065 quarum
1234 992 1379 1065 magnae
1406 993 1458 1049 ras

356 1094 501 1166 aguntur
518 1085 552 1146 in
572 1094 691 1147 vestris
714 1086 933 1166 vectigalibus
957 1087 1149 1150 exercendis
1173 1095 1377 1170 occupatae3
1402 1100 1459 1172 qui

334 1189 399 1257 sad
423 1196 484 1264 ma,
509 1196 570 1270 pra
593 1188 839 1252 necessitudine
862 1210 948 1272 quae
972 1191 1053 1253 mihi
1075 1200 1128 1254 est
1150 1211 1226 1254 cum
1249 1192 1307 1255 illa
1329 1192 1457 1270 ordine,

356 1312 489 1356 causam
506 1290 722 1372 reipublicae
740 1290 953 1373 periculaque
969 1298 1078 1353 rarum
1095 1298 1228 1353 suarum
1246 1291 1458 1355 datulerunt:

357 1395 542 1477 Bithyniae,
569 1415 654 1476 quae
679 1415 768 1457 nunc
793 1403 904 1457 vestra
929 1393 1100 1475 provincia
1122 1402 1182 1468 est,
1203 1401 1294 1455 vicas
1321 1400 1458 1456 exustas

355 1519 429 1561 esse
445 1498 651 1579 complutam
677 1505 818 1579 ragnum
835 1496 1081 1571 Ariobarzanis
1099 1495 1188 1578 quod
1207 1497 1387 1558 finitimum
1407 1506 1458 1559 est

354 1612 472 1664 vestris
506 1601 734 1681 vectigalibus,
773 1609 879 1663 totum
914 1620 987 1663 esse
1018 1602 1052 1662 in
1089 1600 1234 1662 hostium
1269 1607 1457 1680 potestate;

319 1727 345 1759 ιο
357 1706 394 1767 L.
422 1705 598 1767 Lucullum
622 1712 752 1785 magnis
776 1704 875 1766 rabus
899 1714 1002 1784 gestis
1026 1703 1068 1765 ab
1092 1712 1133 1766 ea
1154 1702 1242 1766 bello
1264 1702 1456 1779 discadere3

355 1808 432 1871 huie
462 1818 519 1889 qui
549 1808 745 1871 successerit
772 1816 839 1870 nan
868 1809 947 1870 satis
974 1827 1048 1870 esse
1075 1814 1226 1887 paratum
1255 1806 1298 1868 ad
1325 1815 1457 1868 tantum

354 1911 477 1974 bellum
499 1911 816 1987 administrandum
842 1919 945 1973 anum
967 1911 1009 1973 ab
1031 1909 1184 1973 omnibus
1205 1910 1303 1972 sociis
1326 1919 1361 1971 et
1382 1911 1459 1973 civi·

354 2015 416 2078 bus
438 2015 479 2077 ad
500 2015 534 2076 id
557 2014 680 2077 bellum
705 2014 939 2096 imperatorem
961 2016 1098 2095 deposci
1119 2023 1220 2094 atque
1241 2022 1362 2094 expeti,
1379 2032 1459 2076 eun-

354 2118 429 2181 dem
447 2119 535 2180 hunc
552 2125 652 2179 unum
669 2117 711 2179 ab
728 2117 879 2180 hostibus
895 2126 1006 2192 metui,
1025 2123 1197 2199 praeterea
1213 2115 1391 2179 naminem.

793 2334 970 2411 Pnnrrrm,
996 2350 1014 2396 2

319 2495 342 2541 Ι5
399 2479 509 2542 Causa
525 2499 610 2560 quae
623 2480 666 2542 sit
679 2479 816 2553 videtis;
841 2499 929 2541 nunc
949 2480 1028 2560 quid
1051 2478 1219 2560 agendum
1243 2478 1287 2542 sit
1309 2480 1458 2542 canside-

354 2590 433 2645 rate.
482 2582 626 2643 Primum
658 2582 739 2644 mihi
765 2583 896 2644 vidatur
919 2582 960 2644 da
991 2603 1114 2664 genere
1144 2581 1232 2658 belli,
1261 2583 1383 2646 deinde
1416 2583 1458 2645 da

355 2684 592 2766 magnitudine,
610 2694 680 2747 tum
697 2686 739 2747 da
754 2687 955 2768 imperatare
971 2686 1150 2766 daligenda
1165 2705 1240 2749 esse
1256 2685 1447 2748 dicendum.

719 2908 972 2984 Courrnunrro
997 2923 1082 2990 2-17

398 3054 511 3118 Genus
535 3062 586 3117 est
610 3053 699 3116 enim
724 3053 803 3117 belli
826 3055 896 3116 eius
921 3054 1019 3130 modi,
1044 3054 1133 3137 quod
1158 3056 1302 3118 maxima
1325 3063 1456 3119 vestras

353 3157 480 3220 animas
499 3158 642 3220 excitare
661 3167 760 3239 atque
779 3158 985 3220 inflammare
1004 3160 1046 3220 ad
1066 3160 1290 3240 persequendi
1308 3159 1455 3221 studium

216 3333 218 3335 ,
316 3261 481 3336 zodabeat‚
503 3261 536 3323 in
556 3270 622 3343 qua
640 3263 750 3341 agitur
768 3262 884 3342 populi
907 3262 1050 3323 Ramani
1071 3262 1184 3342 gloria,
1207 3281 1293 3343 quae
1317 3261 1412 3325 vabis
1436 3269 1456 3324 a

353 3364 531 3426 maiaribus
555 3385 631 3426 cum
655 3372 777 3445 magna
800 3363 833 3426 in
861 3365 1013 3427 omnibus
1040 3365 1140 3427 rabus
1167 3375 1237 3428 tum
1262 3385 1394 3428 summa
1422 3365 1455 3428 in

353 3475 388 3528 ra
410 3468 542 3529 militari
560 3467 682 3530 tradita
702 3478 770 3543 est;
796 3468 905 3548 agitur
927 3469 1016 3530 salas
1039 3470 1204 3531 sociarum
1220 3478 1320 3550 atque
1337 3477 1456 3532 amica

352 3591 434 3645 rum,
460 3579 519 3651 pra
541 3578 607 3652 qua
628 3572 731 3633 multa
752 3573 893 3634 maiores
914 3581 1016 3635 vestri
1035 3579 1157 3653 magna
1175 3583 1210 3636 et
1230 3573 1345 3653 gravia
1366 3571 1455 3635 bella

352 3682 546 3754 gessarunt3
571 3685 716 3755 aguntur
731 3675 913 3738 certissima
930 3676 1045 3758 populi
1066 3677 1209 3738 Romani
1223 3675 1401 3756 vectigalia
1422 3684 1454 3739 et

315 3803 341 3852 25
353 3778 504 3853 maxima,
518 3778 637 3859 quibus
653 3779 782 3842 amissis
798 3787 831 3842 et
847 3781 938 3860 pacis
954 3787 1149 3842 ornamenta
1164 3789 1198 3842 et
1214 3778 1362 3842 subsidia
1376 3778 1455 3842 belli

353 3883 543 3963 requiretis;
579 3892 724 3962 aguntur
745 3882 832 3946 bona
857 3883 1035 3946 multorum
1060 3883 1190 3957 civium,
1213 3882 1334 3964 quibus
1359 3890 1410 3945 est
1432 3888 1453 3944 a

351 3985 444 4048 vabis
461 3994 494 4047 et
510 3985 656 4067 ipsarum
673 3995 706 4047 et
722 3996 770 4047 rei
785 3985 938 4081 publicae
954 3994 1054 4048 causa
1071 3987 1320 4049 cansulendum.
