3375 4775
327 601 387 678 184
675 610 852 660 onAnous
876 611 920 661 or
942 611 1072 661 ercurio

322 793 461 866 oportere
476 785 569 848 mitti
580 783 743 847 hominem
759 793 934 866 privatum
949 795 1014 866 pro
1034 786 1170 862 consule,
1190 786 1228 849 L.
1252 786 1427 869 Philippus

323 889 445 950 dixisse
469 889 588 951 dicitur
614 899 677 951 nnn
692 898 727 950 se
752 887 848 950 illum
873 898 935 950 sud
957 888 1120 952 sententia
1133 900 1197 972 pro
1218 892 1356 967 consule,
1373 892 1431 954 sed

315 992 587 1075 proconsulibus
618 992 755 1055 mittere.
812 992 923 1055 Tanta
949 992 984 1055 in
1011 1001 1052 1056 eo
1082 1004 1131 1056 rei
1160 994 1315 1075 publicae
1342 994 1428 1059 bene

324 1089 492 1179 gerendae
509 1104 586 1178 spes
603 1096 875 1172 constituebatur,
892 1106 929 1159 ut
948 1097 1091 1160 duerum
1115 1099 1288 1162 censulum
1306 1107 1428 1161 munus

303 1208 423 1275 sumus
440 1200 663 1264 adulescentis
678 1200 793 1263 virtuti
808 1202 1078 1264 committeretur.
1127 1202 1217 1285 Quid
1233 1212 1301 1265 tam
1319 1203 1429 1284 singu-

325 1305 393 1367 lare
417 1326 515 1387 quam
539 1315 576 1368 ut
599 1326 639 1368 ex
667 1312 803 1392 senetus
828 1306 981 1368 censulte
1004 1306 1134 1387 legibus
1160 1307 1288 1370 solutus
1313 1306 1430 1369 censul

324 1419 402 1472 ante
419 1410 511 1473 fieret
526 1430 626 1491 quam
640 1409 744 1471 ullum
761 1410 861 1471 alium
876 1409 1108 1491 magistretum
1124 1430 1185 1491 per
1200 1410 1291 1491 leges
1308 1430 1429 1492 capere

296 1514 492 1594 ,licuisset?
549 1514 639 1596 Quid
661 1523 731 1578 tam
754 1514 947 1577 incredibile
977 1534 1078 1597 quam
1108 1523 1145 1578 ut
1175 1514 1295 1577 iterum
1326 1535 1430 1597 eques

328 1619 500 1681 Remenus
516 1638 556 1681 ex
566 1625 701 1681 senatus
714 1618 867 1681 censulte
879 1618 1125 1699 triumpharet?
1170 1618 1267 1701 Quae
1283 1618 1317 1681 in
1328 1620 1431 1682 omni-

290 1746 316 1777 ιο
326 1722 388 1785 bus
413 1722 601 1785 hominibus
624 1742 711 1785 nova
735 1732 812 1804 post
835 1722 1007 1785 hominum
1031 1724 1223 1785 memoriam
1248 1724 1430 1785 censtituta

327 1836 413 1901 sunt,
431 1836 551 1889 eatam
575 1827 679 1888 multa
695 1833 762 1888 nen
786 1836 865 1888 sunt
888 1846 987 1908 quam
1011 1826 1104 1902 haec,
1123 1827 1258 1908 quaein
1283 1828 1347 1891 hec
1364 1834 1430 1888 une

327 1930 462 1994 homine
484 1930 644 1992 videmus.
692 1932 807 2011 Atque
832 1932 913 1992 haec
937 1940 987 1992 tot
1009 1931 1163 2011 exempla
1186 1939 1280 1994 tanta
1302 1952 1342 1994 ac
1362 1940 1428 1994 tam

328 2055 414 2097 nova
437 2034 589 2115 prolecta
605 2043 681 2097 sunt
697 2034 731 2096 in
754 2034 898 2097 eundem
915 2034 1084 2096 hominem
1100 2040 1120 2095 e
1137 2033 1177 2115 Q.
1197 2033 1308 2097 Catuli
1331 2044 1430 2116 atque

327 2146 347 2201 a't
377 2146 562 2201 ceterorum
586 2137 736 2201 eiusdem
759 2136 929 2218 dignitatis
953 2137 1234 2219 amplissimerum
1258 2138 1429 2200 hominum

292 2242 533 2311 uauctoritate.
1277 2252 1279 2255 ’

300 2547 303 2551 .
334 2495 366 2558 T
361 2495 505 2577 herefore
520 2495 565 2557 let
578 2495 776 2557 Hortensius
794 2495 867 2557 and
880 2493 1018 2558 Catulus
1033 2493 1132 2576 yield
1148 2503 1179 2556 to
1195 2495 1444 2577 thejudgment·

689 2600 729 2679 os
738 2599 791 2660 tlze
806 2599 937 2661 Roman
951 2599 1072 2679 prople.

374 2779 424 2825 22.
457 2762 534 2844 Qua
550 2770 586 2837 re
601 2762 737 2824 videant
753 2768 795 2823 ne
807 2762 854 2823 sit
875 2761 1084 2841 periniquum
1108 2771 1142 2824 et
1164 2769 1232 2823 nen
1255 2761 1432 2823 ferendum

330 2866 459 2929 illorum
477 2867 707 2928 auctoritatem
724 2866 766 2927 de
782 2866 843 2929 Cn.
863 2865 1001 2944 Pompei
1024 2865 1186 2944 dignitate
1202 2872 1222 2926 Ξι
1238 2864 1332 2926 vebis
1349 2884 1433 2927 com-

331 2970 505 3052 probatam
528 2990 662 3051 semper
684 2988 767 3043 esse,
785 2978 931 3030 vestrum
956 2967 998 3029 ab
1021 2967 1085 3029 illis
1105 2967 1147 3029 de
1166 2968 1283 3030 eedem
1300 2967 1433 3029 homine

330 3074 487 3136 iudicium
509 3075 689 3155 populique
715 3074 859 3134 Remini
881 3071 1112 3134 auctoritatem
1131 3071 1321 3152 improbent,
1343 3091 1434 3153 prae·

234 3187 239 3197 ·
293 3204 322 3236 20
332 3179 444 3241 sertim
464 3198 539 3240 cum
556 3177 620 3239 iam
638 3185 698 3240 suo
714 3178 784 3238 iure
807 3176 950 3256 populus
972 3177 1144 3237 Remenus
1163 3175 1197 3236 in
1220 3175 1283 3237 hec
1300 3174 1433 3237 homine

331 3302 426 3345 suam
443 3283 671 3343 aucteritatem
694 3280 748 3342 vel
772 3286 887 3342 contre
904 3286 1019 3341 omnes
1036 3289 1093 3360 qui
1109 3279 1312 3342 dissentiunt
1330 3279 1435 3360 possit

331 3386 523 3460 defendere,
551 3391 728 3466 proptereat
755 3383 845 3466 quod
868 3384 975 3445 isdem
999 3383 1070 3446 istis
1093 3381 1352 3445 reclamantibus
1375 3389 1434 3444 ves

333 3499 434 3552 smum
451 3490 542 3552 illum
563 3509 603 3551 ex
621 3488 775 3551 omnibus
799 3488 969 3568 delegistis
993 3507 1093 3569 quem
1118 3487 1206 3550 belle
1228 3486 1434 3568 praedenum

333 3593 589 3677 praeponeretis
646 3594 722 3655 Hoc
744 3601 772 3654 si
794 3600 853 3654 vos
870 3601 995 3654 temere
1012 3591 1138 3653 fecistis
1160 3601 1194 3654 et
1211 3599 1260 3653 rei
1283 3589 1435 3670 publicae

296 3723 322 3772 ις
334 3719 451 3780 parum
479 3697 697 3772 consuluistis,
726 3703 815 3759 recte
841 3695 897 3758 isti
921 3696 1030 3758 studia
1056 3705 1167 3758 vestra
1195 3704 1263 3757 suis
1290 3693 1434 3757 consiliis

334 3823 450 3883 regere
466 3811 646 3876 conantum
670 3811 721 3864 sin
745 3810 856 3862 autem
880 3807 939 3861 ves
957 3800 1031 3880 plus
1054 3809 1126 3861 tum
1142 3801 1176 3861 in
1192 3806 1228 3861 re
1244 3798 1379 3880 publice
1393 3807 1436 3859 vi·

334 3907 437 3981 distis,
454 3914 513 3968 ves
534 3907 573 3967 iis
593 3904 858 3986 repugnantibus
884 3923 944 3984 per
969 3911 1099 3965 vesmet
1122 3902 1214 3982 ipsos
1239 3902 1434 3983 dignitatem

334 4011 411 4073 huic
436 4009 585 4092 imperio,
612 4009 753 4072 salutem
778 4007 851 4070 orbi
876 4013 1037 4070 terrerum
1065 4007 1231 4081 attulistis,
1258 4004 1436 4088 aliquande
