3375 4775
335 582 399 629 200
687 578 863 628 ORATlONS
887 578 931 627 OF
953 578 1081 627 CICERO

336 751 553 815 libentissime
576 751 721 815 audiret:
745 751 825 828 eius,
842 773 864 813 a
882 772 943 833 quo
958 773 1020 814 sua
1044 752 1151 815 virtus
1174 752 1292 834 optime
1306 749 1438 833 praedi-

334 865 468 919 caretur.
517 857 636 938 Itaque
652 855 706 918 ille
724 857 853 919 Marius
868 855 947 918 item
964 857 1082 919 eximie
1096 856 1133 918 L.
1153 856 1295 918 Plotium
1313 856 1438 930 dilexit,

335 959 428 1023 cuius
443 959 578 1041 ingenio
595 960 734 1042 putabat
750 980 790 1022 ea
805 980 891 1042 quae
907 969 1064 1042 gesserat·
1074 980 1173 1041 posse
1186 958 1355 1022 celebrari.

380 1063 640 1126 Mithridaticum
666 1084 744 1126 vero
761 1063 884 1126 bellum
908 1084 1067 1146 magnum
1089 1073 1189 1146 atque
1205 1063 1339 1127 difficile
1354 1063 1438 1127 etin

312 1167 439 1237 smulta
464 1167 625 1231 varietate
662 1178 750 1231 terra
784 1169 934 1249 marique
964 1177 1132 1231 versatum
1162 1177 1268 1231 totum
1299 1166 1342 1229 ab
1373 1168 1438 1230 hoc

334 1291 528 1353 expressum
552 1281 603 1335 est
611 1292 619 1347 ;
644 1271 701 1353 qui
723 1272 796 1334 libri
821 1292 887 1334 non
912 1272 1011 1335 modo
1032 1273 1070 1335 L.
1093 1272 1281 1347 Lucullum,
1299 1271 1438 1335 fortissi-
1485 1294 1490 1306 ’

334 1395 425 1437 mum
449 1386 482 1439 et
505 1376 723 1438 clarissimum
746 1375 863 1451 virum,
887 1378 1126 1439 verumetiam
1151 1377 1266 1459 populi
1292 1375 1439 1438 Romani

334 1499 456 1542 nomen
471 1479 658 1543 inlustrant.
698 1468 845 1568 Populu's
862 1479 948 1542 enim
962 1481 1134 1543 Romanus
1150 1480 1281 1561 aperuit
1294 1480 1436 1542 Lucullo

333 1580 518 1664 imperante
536 1584 678 1646 Pontum
695 1594 728 1646 et
744 1584 844 1665 regiis
857 1584 1026 1666 quondam
1043 1583 1161 1666 opibus
1178 1593 1211 1647 et
1226 1583 1301 1665 ipsa
1318 1592 1437 1646 natura

586 2274 1252 2365 W<uuultusu2⁵uuuuuuuuurn

587 2336 1133 2406 nuris:tn.utsuu:t²uon1o⁹ttueutn
1146 2338 1254 2417 aarum,

626 2667 824 2712 SARCOPHAGUS
840 2677 876 2713 OF
889 2669 981 2714 SCIPIO
997 2669 1139 2712 BARBATUS

296 2871 323 2903 10
332 2854 366 2908 et
381 2844 517 2924 regione
529 2843 706 2920 vallatum;
732 2843 848 2925 populi
866 2845 1009 2906 Romani
1028 2845 1193 2906 exereitus
1214 2844 1334 2908 eodem
1350 2845 1434 2907 duce

331 2969 399 3011 non
412 2948 554 3009 maxima
567 2967 667 3008 manu
683 2947 940 3010 innumerabiles
953 2947 1189 3010 Armeniorum
1202 2948 1316 3028 copias
1329 2947 1434 3023 fudit;

332 3050 448 3134 populi
465 3051 608 3113 Romani
630 3051 700 3112 laus
722 3061 774 3114 est
796 3050 912 3114 urbem
935 3050 1169 3113 amicissimam
1194 3050 1435 3134 Cyzicenorum

332 3156 481 3219 eiusdem
508 3153 645 3217 consilio
669 3175 709 3217 ex
732 3154 822 3216 omni
845 3155 971 3236 impetu
994 3155 1087 3236 regio
1110 3164 1210 3236 atque
1233 3156 1335 3218 totius
1357 3155 1436 3218 belli

333 3279 389 3322 ore
422 3279 461 3322 ac
496 3258 651 3321 faucibus
681 3269 831 3339 ereptam
863 3279 938 3321 esse
968 3270 1069 3340 atque
1096 3268 1280 3336 servatam;
1320 3268 1435 3322 nostra

296 3386 320 3436 ις
333 3383 466 3444 semper
480 3363 608 3426 feretur
619 3371 653 3425 et
668 3363 913 3444 praedicabitur
932 3364 969 3425 L.
989 3363 1129 3426 Lucullo
1152 3362 1341 3439 dimicante,
1359 3383 1435 3426 cum

333 3467 517 3530 interiectis
534 3467 673 3531 ducibus
690 3469 851 3549 depressa
866 3467 1010 3531 hostium
1028 3467 1143 3530 classis
1159 3477 1218 3544 est,
1232 3466 1436 3531 incredibilis

333 3572 423 3654 apud
450 3572 626 3635 Tenedum
657 3593 771 3654 pugna
793 3572 849 3635 illa
872 3572 1020 3648 navalis;
1045 3580 1158 3636 nostra
1181 3581 1260 3635 sunt
1286 3581 1434 3653 tropaea,

333 3686 448 3740 nostra
472 3686 697 3752 monumenta,
715 3678 820 3740 nostri
842 3676 1012 3758 triumphi.
1059 3676 1156 3759 Quae
1179 3696 1320 3758 quorum
1345 3674 1437 3758 inge·

334 3780 396 3843 niis
427 3781 623 3857 efferuntur,
655 3780 697 3842 ab
728 3780 767 3843 iis
798 3780 914 3862 populi
943 3780 1086 3843 Romani
1116 3781 1208 3843 fama
1238 3779 1433 3843 celebratur.

295 3910 324 3942 κο
335 3885 440 3949 Carus
464 3885 527 3947 fuit
539 3886 702 3947 Africano
726 3883 888 3966 superiori
911 3895 1024 3947 noster
1046 3885 1185 3959 Ennius,
1202 3884 1313 3966 itaque
1335 3884 1435 3947 etiam

334 3988 367 4051 in
398 3989 552 4071 sepulcro
584 3988 778 4072 Scipionum
808 3996 945 4072 putatur
981 3988 1009 4050 is
1047 4008 1121 4052 esse
1158 3987 1358 4051 constitutus
1396 4008 1436 4051 ex
