3375 4775
627 574 786 625 omnen
810 575 880 624 ron
904 573 1073 625 uiuamus
1341 582 1401 629 221
1477 554 1481 561 ’

292 750 400 813 sidius
432 749 603 831 provincia
630 750 710 814 satis
739 750 852 814 facere
890 749 1081 813 hominibus
1119 770 1186 813 non
1225 760 1347 832 posset,
1377 750 1406 814 si

293 874 498 938 quemquam
512 854 612 917 alium
625 854 816 935 provinciae
828 854 1056 937 praefecisset.
1105 856 1225 938 Itaque
1239 855 1403 937 Ligarius

293 982 372 1025 cum
403 959 460 1021 diu
492 978 650 1022 recusans
682 957 764 1020 nihil
797 958 1005 1041 profecisset,
1038 960 1244 1040 provinciam
1275 960 1405 1041 accepit

293 1066 419 1130 invitus
429 1085 437 1141 ;
461 1063 514 1127 cui
531 1062 578 1125 sic
601 1062 747 1144 praefuit
762 1061 796 1123 in
812 1082 897 1145 pace
913 1071 950 1124 ut
965 1071 999 1125 et
1014 1062 1142 1126 civibus
1162 1072 1197 1127 et
1219 1064 1316 1127 sociis
1332 1084 1405 1145 gra-

292 1171 425 1233 tissima
446 1178 536 1232 esset
559 1166 630 1229 eius
654 1167 829 1247 integritas
844 1186 884 1229 ac
900 1165 992 1229 fides.
1041 1167 1171 1229 Bellum
1189 1167 1299 1231 subito
1315 1189 1405 1231 exar·
1428 1198 1439 1247 ς

294 1276 346 1350 sit,
376 1276 464 1357 quod
488 1275 545 1356 qui
569 1282 665 1336 erant
692 1270 727 1333 in
755 1271 875 1334 Africa
902 1282 981 1335 ante
1008 1271 1186 1337 audierunt
1209 1273 1281 1355 geri
1304 1295 1404 1356 quam

294 1379 415 1461 parari.
462 1379 539 1462 Quo
555 1378 667 1442 audito
685 1376 805 1459 partim
818 1377 1001 1458 cupiditate
1014 1377 1270 1454 inconsiderata,
1283 1381 1404 1461 partim

294 1504 396 1547 caeco
419 1483 564 1566 quodam
588 1483 715 1555 timore,
730 1485 837 1566 primo
862 1484 987 1560 salutis
1007 1494 1084 1567 post
1106 1485 1206 1548 etiam
1231 1485 1330 1548 studii
1354 1486 1404 1548 sui

293 1588 502 1671 quaerebant
517 1588 661 1671 aliquem
678 1589 807 1665 ducem,
821 1609 898 1652 cum
916 1589 1071 1671 Ligarius
1087 1591 1223 1652 domum
1237 1600 1403 1672 spectans

294 1693 338 1756 ad
355 1713 432 1755 suos
449 1693 556 1755 redire
573 1694 711 1775 cupiens
729 1694 821 1756 nullo
838 1713 874 1756 se
886 1693 1050 1775 implicari
1062 1694 1198 1775 negotio
1211 1715 1330 1776 passus
1343 1704 1402 1757 est.
1416 1722 1442 1753 10

296 1796 436 1859 Interim
461 1797 495 1859 P.
520 1796 635 1860 Attius
651 1798 772 1872 Varus,
790 1798 848 1879 qui
871 1806 1005 1879 praetor
1029 1798 1182 1861 Africam
1206 1798 1403 1872 obtinuerat,

294 1901 431 1966 Uticam
447 1902 547 1964 venit.
595 1901 653 1964 Ad
674 1922 751 1965 eum
768 1901 880 1964 statim
897 1922 1095 1965 concursum
1111 1913 1171 1966 est.
1219 1902 1333 1985 Atque
1350 1902 1404 1964 ille

294 2026 363 2068 non
386 2004 545 2068 mediocri
568 2006 750 2087 cupiditate
774 2005 919 2088 adripuit
941 2004 1128 2087 imperium,
1149 2007 1177 2068 si
1199 2007 1280 2069 illud
1304 2006 1405 2087 impe-

293 2111 380 2171 rium
397 2130 470 2172 esse
486 2109 604 2191 potuit,
623 2110 711 2192 quod
729 2110 860 2192 privato
878 2110 1022 2173 clamore
1039 2111 1260 2173 multitudinis
1275 2110 1405 2191 imperi-

294 2223 359 2288 tae,
377 2214 469 2276 nullo
493 2212 627 2295 publico
650 2213 798 2289 consili0,
823 2214 1045 2278 deferebatur.
1095 2216 1214 2297 Itaque
1239 2214 1403 2295 Ligarius,
1416 2238 1440 2286 ις

294 2318 353 2400 qui
368 2336 467 2379 omne
483 2318 551 2381 tale
566 2320 738 2400 negotium
760 2328 898 2402 cuperet
921 2319 1081 2401 effugere,
1099 2318 1236 2402 paulum
1259 2319 1405 2381 adventu

294 2423 377 2486 Vari
394 2422 590 2506 conquievit

669 2641 924 2718 Comunnnrm,
950 2658 1036 2705 2-10

301 2795 403 2858 There
418 2793 450 2856 is
464 2794 541 2858 tlzen
557 2816 597 2858 no
618 2795 768 2858 evidence
782 2797 823 2876 of
841 2817 906 2875 any
923 2795 1114 2877 nnfriendly
1121 2795 1257 2878 feeling
1276 2795 1410 2859 toward

346 2921 415 2981 yon
431 2920 472 2962 on
488 2899 541 2961 tlte
547 2908 631 2980 part
643 2900 685 2981 of
692 2899 853 2981 Ligerim
868 2899 995 2981 during
1005 2899 1060 2961 leis
1075 2909 1147 2980 stay
1164 2899 1198 2962 in
1214 2898 1339 2981 Africa.

339 3071 368 3117 2.
401 3054 536 3128 Adhuc,
570 3052 607 3117 C.
640 3053 774 3129 Caesar,
804 3053 844 3135 Q.
880 3053 1035 3135 Ligarius
1060 3054 1151 3118 omni
1178 3054 1274 3134 culpa
1298 3062 1403 3115 vacat.

298 3159 408 3222 Domo
432 3167 484 3220 est
514 3177 669 3238 egressus
693 3178 761 3220 non
785 3158 884 3220 modo
909 3158 1036 3219 nullum
1060 3158 1103 3220 ad
1126 3156 1259 3231 bellum,
1281 3158 1340 3220 sed
1363 3177 1405 3219 ne

296 3263 337 3324 ad
362 3262 534 3324 minimam
566 3261 699 3342 quidem
732 3261 957 3342 suspicionem
983 3261 1081 3338 belli;
1106 3261 1236 3342 legatus
1263 3262 1296 3322 in
1323 3281 1443 3342 pace20

297 3367 469 3447 profectus
494 3374 566 3442 est;
591 3366 626 3428 in
650 3366 821 3448 provincia
845 3366 1057 3448 pacatissima
1078 3365 1124 3427 ita
1146 3385 1181 3428 se
1197 3366 1308 3450 gessit
1317 3376 1353 3427 ut
1376 3364 1406 3427 ei

297 3491 413 3552 pacem
431 3489 507 3534 esse
524 3470 702 3551 expediret.
753 3471 919 3534 Profectio
944 3480 1033 3533 certe
1057 3469 1203 3531 animum
1227 3479 1320 3532 tuum
1338 3489 1406 3531 non

296 3572 393 3639 debet
422 3576 608 3639 offendere.
658 3577 748 3639 Num
779 3576 881 3658 igitur
905 3576 1093 3640 remansio?
1141 3577 1250 3639 Multo
1277 3575 1404 3648 minus;

296 3700 370 3744 nam
395 3681 566 3764 profectio
599 3681 802 3744 voluntatem
829 3681 946 3743 habuit
976 3700 1042 3742 non
1074 3690 1214 3761 turpem,
1239 3678 1406 3742 remansio

295 3786 531 3852 necessitatem
565 3784 663 3848 etiam
692 3786 878 3848 honestam.
927 3785 1017 3865 Ergo
1049 3785 1130 3847 haec
1162 3784 1228 3846 duo
1255 3793 1407 3863 tempora
1416 3809 1442 3857 25

295 3902 407 3960 carent
430 3887 581 3964 crimine,
607 3909 708 3951 unum
734 3909 810 3952 cum
835 3896 887 3951 est
912 3887 1040 3968 legatus
1068 3888 1248 3969 proiectus,
1266 3886 1406 3948 alterum

294 4016 362 4063 curn
382 3991 595 4076 efflagitatus
611 4013 631 4056 a
648 3993 818 4074 provincia
834 3991 1044 4074 praepositus
1061 3991 1199 4054 Africae
1222 3999 1282 4052 est.
1329 3990 1409 4052 Ter·
