3375 4775
515 568 633 617 THIRD
656 566 811 617 ORATION
838 565 989 615 AGAINST
1013 563 1179 614 CATILINE
1337 572 1397 639 129

292 746 375 809 mihi
392 748 536 831 quidem,
557 749 713 831 Quirites
732 769 807 811 cum
829 749 885 811 illa
906 748 1090 811 certissima
1111 758 1182 811 visa
1204 758 1281 811 sunt
1302 757 1395 829 argri-

293 862 408 915 menta
435 862 535 935 atque
563 854 684 916 indicia
712 855 855 929 sceleris,
880 854 1032 929 tabellae,
1058 864 1161 935 signa,
1191 862 1319 929 mamis,
1344 854 1396 916 de-

292 955 396 1037 nique
420 963 518 1019 unius
542 958 702 1039 cuiusque
726 957 913 1033 cenfessi63
944 967 1014 1020 tum
1038 958 1143 1020 multe
1167 957 1307 1020 certiera
1330 958 1395 1032 illa,

294 1058 396 1133 color,
425 1058 520 1133 oculi,
544 1057 666 1132 vultus,
690 1057 906 1121 taciturnitas.
955 1060 1009 1122 Sic
1033 1059 1121 1120 enim
1145 1058 1395 1140 obstupuerant,

295 1171 342 1225 stc
358 1172 481 1224 terram
497 1161 721 1235 intuebantur,
740 1171 786 1224 sic
802 1160 918 1223 sertim
935 1170 1002 1223 nen
1019 1182 1201 1243 numquam
1222 1161 1308 1224 inter
1324 1170 1396 1224 sese
1420 1188 1431 1235 5

294 1264 512 1346 aspiciebant,
537 1274 574 1327 ut
596 1272 664 1327 nen
687 1264 753 1326 iam
776 1264 818 1327 ab
842 1264 914 1326 aliis
937 1265 1083 1338 indicent,
1110 1264 1167 1327 sed
1191 1264 1338 1327 indicere
1361 1273 1398 1327 se

294 1368 360 1451 ipsi
375 1368 574 1432 viderentur.

300 1619 369 1681 The
391 1629 502 1681 senate
523 1618 671 1681 thanked
691 1619 744 1681 tlte
767 1620 895 1682 consuls
918 1620 990 1681 and
1004 1630 1163 1700 praeterr,
1189 1620 1328 1681 ordered
1348 1619 1399 1682 the

331 1722 502 1806 prisoners
524 1731 555 1784 to
579 1722 615 1784 be
636 1722 717 1784 held
734 1722 769 1784 in
787 1723 926 1803 custody,
947 1724 1019 1785 and
1033 1724 1210 1805 appointed
1226 1745 1246 1785 a
1268 1723 1398 1785 tlcanks-

333 1826 465 1910 giving.

338 1993 369 2055 6.
403 1990 539 2052 Indicits
575 1989 733 2070 expositis
770 1999 870 2071 atque
908 1990 1013 2065 editis
1051 1990 1207 2072 Quirites,
1245 1998 1395 2054 senetum

295 2093 449 2157 censului
469 2094 511 2156 de
530 2100 660 2155 summe
681 2100 717 2154 re
734 2093 868 2174 pfiblice
887 2093 966 2175 quid
986 2094 1056 2155 fieri
1074 2093 1228 2174 placeret.
1278 2094 1397 2156 Dictae

295 2207 374 2261 sunt
404 2204 425 2259 e
455 2195 661 2277 principibus
691 2196 872 2259 {acerrimae
902 2216 941 2258 ac
972 2196 1173 2259 fortissimae
1201 2199 1396 2272 sententiae,
1409 2220 1435 2252 10

295 2308 379 2384 ques
399 2307 535 2363 senetus
554 2301 626 2362 sine
647 2300 713 2361 ulla
731 2300 891 2362 varietete
911 2309 962 2362 est
983 2307 1126 2361 secdtus
1176 2299 1219 2361 Et
1241 2301 1396 2381 quoniam

296 2406 446 2468 nendum
471 2415 522 2467 est
547 2414 768 2486 perscriptum
792 2412 928 2467 senatus
952 2404 1150 2479 censultum,
1175 2424 1215 2466 ex
1239 2405 1397 2467 memorie

295 2508 399 2583 vebis,
419 2507 575 2590 Quirites,
593 2508 673 2590 quid
690 2515 826 2570 senetus
845 2507 1011 2571 censuerit
1029 2516 1202 2588 expenam.
1252 2509 1395 2569 Primum

295 2613 378 2676 mihi
411 2614 538 2694 gratiae
571 2611 681 2674 verbis
714 2611 926 2692 amplissimis
959 2621 1112 2692 aguntur,
1145 2612 1233 2692 quod
1264 2614 1395 2686 virtute,

294 2717 443 2792 censilie,
465 2716 674 2798 previdentia]
692 2722 766 2777 mee
783 2723 834 2777 res
856 2715 988 2796 publica
1010 2715 1159 2776 meximts
1180 2715 1334 2795 perieulis
1356 2715 1398 2776 sit
1409 2737 1434 2785 ις

296 2822 443 2886 libereta.
492 2820 624 2882 Deinde
649 2820 687 2881 L.
713 2819 854 2881 Flaccus
878 2829 911 2881 et
935 2820 972 2883 C.
998 2820 1191 2899 Pomptinus
1217 2827 1395 2899 praeteres,

295 2926 385 3008 quod
411 2933 524 2988 eerum
550 2930 653 3004 opere
678 2923 757 2984 lorti
783 2923 937 3005 fidelique
965 2930 1045 2984 usus
1071 2942 1189 2997 essem,
1214 2924 1332 2984 merite
1358 2942 1395 2984 ac

295 3030 366 3092 iure
382 3029 569 3091 laudantur.
616 3028 730 3109 Atque
746 3028 847 3089 etiam
862 3028 933 3089 vire
949 3027 1035 3101 lorti,
1053 3026 1212 3106 conlegae
1228 3035 1311 3100 mee,
1325 3026 1397 3087 laus

295 3132 492 3214 impertitur,
524 3131 613 3213 quod
644 3139 701 3193 ees
733 3140 790 3212 qui
823 3130 920 3193 huius
953 3130 1187 3193 coniuretienis
1218 3130 1397 3210 participes

296 3237 441 3299 fuissent
456 3242 476 3296 e
492 3245 560 3297 suis
579 3243 614 3296 et
632 3241 652 3297 e
671 3243 719 3296 ret
742 3234 895 3315 publicae
920 3233 1064 3296 censiliis
1088 3233 1290 3295 remevisset.
1338 3233 1437 3293 At-20

296 3360 361 3422 que
377 3340 424 3402 ita
442 3345 663 3401 censuerunt:
687 3347 724 3399 ut
741 3337 774 3399 P.
794 3337 966 3412 Lentulus,
985 3357 1060 3399 cum
1081 3344 1115 3398 se
1135 3343 1290 3417 praetere
1309 3335 1398 3397 abdi·

297 3451 414 3517 cesset,
435 3443 469 3504 in
491 3441 676 3504 custediam
697 3441 902 3515 trederetur;
927 3440 1071 3521 itemque
1092 3449 1139 3501 uti
1158 3440 1194 3503 C.
1216 3440 1394 3519 Cethegus,

298 3547 335 3609 L.
362 3545 523 3620 Statilius
549 3545 583 3607 P.
602 3543 772 3619 Gabinius,
798 3554 855 3625 qui
878 3551 994 3606 omnes
1019 3551 1211 3624 praesentes
1234 3553 1338 3617 erant,
1363 3542 1397 3604 in

296 3650 483 3713 eistediam
507 3648 736 3721 dederentur,
769 3658 869 3728 atque
894 3647 980 3709 idem
1007 3647 1069 3708 hec
1095 3646 1264 3708 decretum
1289 3655 1340 3707 est
1364 3645 1396 3707 in

298 3753 333 3816 L.
356 3754 522 3827 Cassium,
541 3737 599 3833 qut
617 3750 680 3814 sibi
699 3751 965 3832 preceretienem
984 3749 1212 3811 incendendae
1234 3749 1324 3810 urbis
1345 3749 1435 3823 de-25

297 3864 506 3939 popescerat,
528 3855 562 3916 in
585 3856 631 3916 M.
655 3855 843 3935 Ceparium,
867 3853 920 3915 cui
937 3853 978 3913 ad
1000 3853 1225 3915 sollicitandes
1248 3859 1398 3932 pesteres

298 3946 458 4045 llpt'rliam
486 3958 684 4022 attribr‘rtam·
708 3977 783 4020 esse
810 3965 881 4018 erat
906 3954 1097 4027 indicatum,
1126 3955 1159 4016 in
1189 3957 1220 4016 P.
1250 3954 1396 4028 Furium,

460 4068 609 4116 nunnunss’
622 4078 781 4126 ercurio-9
