3375 4775
581 600 738 651 ORATION
762 600 830 649 FOR
855 600 1067 650 MARCELLUS
1310 602 1370 669 215

269 785 455 857 prostrata;
483 776 717 839 constituenda
744 774 873 850 iudicia,
902 775 1089 837 revocanda
1115 775 1207 851 fides,
1236 776 1374 857 compri-

268 880 412 942 'mendae
429 879 591 955 libidines,
606 880 824 960 propaganda
840 878 992 953 suboles;
1017 880 1128 941 omnia
1144 900 1228 960 quae
1245 879 1374 961 dilapsa

269 983 333 1045 iam
356 970 571 1047 diffluxerunt
593 984 716 1046 severis
738 982 867 1063 legibus
883 982 1058 1045 vincienda
1075 993 1160 1045 sunt.
1209 985 1286 1045 Non
1311 984 1375 1046 luit

269 1089 493 1151 recusandum
510 1089 653 1151 intanto
670 1086 758 1149 civili
776 1087 872 1161 bello,
890 1096 983 1149 tanto
1003 1086 1188 1149 animorum
1208 1088 1325 1150 ardore
1341 1097 1375 1149 et

269 1212 447 1267 armorum,
465 1193 544 1273 quin
562 1201 719 1273 quassata
735 1211 787 1253 res
803 1190 946 1272 publica,
964 1192 1164 1272 quicumque
1183 1191 1261 1253 belli
1280 1212 1375 1254 even·
1398 1219 1408 1266 5

270 1306 324 1360 tus
341 1296 471 1368 fuisset,
488 1296 592 1359 multa
610 1296 766 1376 perderet
781 1305 814 1357 et
830 1304 1027 1357 ornamenta
1046 1293 1215 1375 dignitatis
1233 1303 1264 1357 et
1283 1315 1376 1376 prae-

269 1400 355 1463 sidia
368 1395 556 1463 stabilitatis
569 1419 658 1475 suae,
670 1400 839 1480 multaque
853 1409 992 1480 uterque
1004 1399 1070 1460 dux
1082 1399 1207 1461 faceret
1218 1409 1373 1473 armatus,
1429 1410 1434 1414 ’

270 1523 358 1586 quae
384 1504 473 1566 idem
501 1512 635 1585 togatus
662 1503 733 1566 fieri
759 1502 992 1585 prohibuisset.
1041 1502 1137 1584 Quae
1160 1503 1293 1583 quidem
1316 1502 1375 1565 tibi

269 1627 362 1671 nunc
382 1608 494 1670 omnia
515 1606 594 1671 belli
613 1608 751 1670 vulnera
772 1606 922 1669 sananda
944 1615 1030 1681 sunt,
1051 1605 1171 1687 quibus
1192 1616 1322 1687 praeter
1342 1616 1375 1669 te

270 1712 399 1776 mederi
415 1731 513 1775 nemo
529 1721 647 1794 potest.
1387 1737 1413 1768 10

317 1816 436 1897 Itaque
466 1814 556 1877 illam
587 1825 677 1878 tuam
710 1815 1008 1897 praeclarissimam
1036 1824 1069 1876 et
1096 1813 1375 1895 sapientissimam

269 1940 388 1983 vocem
405 1921 529 1982 invitus
540 1920 670 1982 audivi:
692 1919 787 1983 Satis
801 1920 861 1981 diu
875 1918 929 1981 vel
942 1930 1080 1981 naturae
1092 1918 1166 1980 vixi
1176 1918 1374 2001 velgluriae.

272 2025 373 2098 Satis,
398 2025 426 2086 si
452 2023 498 2086 ita
522 2025 581 2099 vis,
607 2024 751 2087 fortasse
778 2033 926 2099 naturae,
954 2022 1040 2086 addo
1067 2022 1176 2097 etiam,
1201 2022 1230 2085 si
1256 2023 1374 2104 placet,

271 2128 408 2209 gloriae,
425 2137 468 2203 at,
486 2128 574 2209 quod
595 2129 775 2190 maximum
791 2136 851 2201 est,
870 2128 997 2208 patriae
1018 2136 1107 2189 certe
1127 2147 1252 2206 parum.
1301 2128 1377 2209 Qua

271 2252 308 2295 re
335 2233 452 2295 omitte
478 2233 585 2307 istam,
611 2251 743 2313 quaes0,
773 2232 945 2294 doctorum
974 2232 1143 2293 hominum
1171 2231 1204 2291 in
1233 2241 1412 2307 contem-13

272 2335 384 2399 nenda
401 2344 505 2400 morte
521 2335 742 2419 prudentiam,
760 2336 828 2399 noli
844 2346 958 2399 nostro
980 2335 1126 2416 periculo
1142 2354 1215 2398 esse
1233 2336 1374 2416 sapiens.

273 2440 385 2522 Saepe
401 2442 489 2503 enim
502 2441 594 2503 venit
608 2441 651 2503 ad
667 2461 764 2503 aures
781 2461 872 2503 meas
890 2451 922 2503 te
938 2440 1025 2501 idem
1043 2439 1131 2501 istud
1147 2439 1245 2502 nimis
1261 2440 1376 2504 crebro

271 2545 393 2619 dicere,
410 2544 470 2607 tibi
488 2544 568 2607 satis
584 2554 618 2607 te
633 2545 764 2608 vixisse.
813 2543 930 2618 Credo,
949 2544 1007 2606 sed
1029 2552 1099 2605 tum
1119 2543 1152 2605 id
1174 2544 1331 2618 audirem,
1350 2546 1377 2607 si

271 2648 333 2712 tibi
348 2648 411 2711 soli
425 2649 554 2711 viveres
570 2658 627 2712 aut
643 2648 671 2711 si
685 2648 745 2711 tibi
760 2650 860 2711 etiam
878 2647 939 2710 soli
955 2657 1053 2708 natus
1069 2667 1169 2710 esses
1217 2648 1376 2712 Omnium

271 2752 415 2815 salutem
432 2751 551 2815 civium
574 2764 794 2836 cunctamque
815 2774 885 2816 rem
908 2754 1073 2835 publicam
1095 2775 1147 2817 res
1165 2764 1241 2817 tuae
1263 2763 1377 2835 gestae
1387 2781 1414 2812 20

271 2856 467 2938 complexae
494 2867 591 2932 sunt3
619 2866 748 2920 tantum
773 2857 853 2920 abes
881 2878 900 2919 a
927 2859 1133 2939 perfectione
1160 2859 1376 2919 maximorum

271 2980 423 3041 operum,
440 2970 477 3024 ut
492 2961 713 3024 fundamenta
728 2962 877 3024 nondum
895 2983 979 3043 quae
996 2964 1122 3043 cogitas
1139 2962 1263 3024 leceris
1311 2960 1377 3023 Hic

271 3073 309 3127 tu
325 3064 462 3127 modum
478 3064 566 3128 vitae
581 3074 659 3127 tuae
675 3085 742 3127 non
760 3065 865 3127 salute
882 3065 929 3127 rei
950 3066 1112 3146 publicae,
1131 3066 1188 3127 sed
1211 3066 1377 3146 aequitate

271 3169 375 3231 animi
402 3168 563 3231 definies?
610 3169 709 3250 Quid,
737 3170 765 3231 si
791 3169 880 3231 istud
909 3190 951 3232 ne
983 3171 1107 3250 gloriae
1137 3170 1269 3251 quidem
1298 3168 1377 3231 satis

271 3272 346 3335 est?
393 3271 496 3335 Cuius
513 3282 546 3335 te
562 3292 635 3335 esse
656 3272 893 3348 avidissimum,
912 3273 1062 3355 quamvis
1084 3274 1129 3335 sis
1151 3275 1292 3354 sapiens
1310 3293 1414 3348 non25

272 3374 422 3457 negabis.

315 3479 488 3542 Parumne
517 3479 630 3562 agitur,
659 3479 797 3562 inquies
826 3501 948 3562 magna
978 3480 1226 3561 relinquemur?
1272 3481 1378 3542 Immo

271 3605 351 3648 vero
370 3583 444 3648 aliis
466 3585 617 3666 quamvis
637 3585 748 3647 multis
770 3585 860 3660 satis,
878 3584 937 3646 tibi
958 3584 1015 3646 uni
1037 3605 1163 3665 parum.
1211 3583 1378 3667 Quicquid

272 3698 323 3753 est
343 3689 445 3762 enim,
463 3688 614 3770 quamvis
635 3689 783 3769 amplum
806 3689 856 3763 sit,
874 3688 907 3749 id
929 3698 980 3750 est
1001 3708 1118 3768 parum
1140 3698 1209 3749 tum
1231 3708 1305 3750 cum
1329 3697 1379 3749 est

271 3793 397 3876 aliquid
416 3792 567 3872 amplius.
616 3792 714 3873 Quod
739 3792 766 3854 si
789 3812 898 3854 rerum
924 3801 1053 3854 tuarum
1078 3791 1322 3866 immortalium,
1341 3792 1376 3855 C.
1390 3820 1416 3865 30

272 3899 406 3972 Caesar,
425 3896 480 3958 hic
496 3898 602 3959 exitus
625 3896 757 3958 futurus
780 3895 852 3970 fuit,
871 3905 907 3957 ut
928 3896 1065 3958 devictis
1090 3896 1285 3958 adversariis
1309 3915 1378 3957 rem

270 4003 442 4085 publicam
469 4000 503 4062 in
530 4020 571 4064 eo
598 4009 686 4063 statu
703 4000 906 4081 relinqueres
933 4000 967 4060 in
995 4020 1060 4080 quo
1089 4019 1177 4061 nunc
1205 4008 1264 4074 est,
1293 3999 1378 4075 vide,
