3375 4775
608 594 766 645 ORATlON
790 596 860 645 FOR
885 596 1095 647 MARCELLUS
1339 602 1401 667 217

291 787 368 829 cum
392 767 450 829 alii
474 767 627 831 laudibus
650 770 692 832 ad
716 771 844 856 caelum
868 791 920 834 res
942 782 1016 834 tuas
1038 781 1151 853 gestas
1172 772 1325 849 efferent,
1347 773 1402 835 alii

292 871 439 934 fortasse
467 871 590 954 aliquid
617 875 795 956 requirent,
819 875 919 956 idque
944 876 997 937 vel
1024 878 1213 951 maximum,
1237 876 1301 939 nisi
1324 877 1402 940 belli

293 974 399 1038 civilis
427 976 617 1039 incendium
645 978 751 1041 salute
783 981 910 1059 patriae
937 979 1137 1055 restinxeris,
1166 990 1202 1042 ut
1229 980 1310 1043 illud
1340 981 1402 1043 fati

294 1078 399 1142 fuisse
416 1080 577 1156 videatur,
591 1080 654 1144 hoc
670 1082 808 1145 consilii.
850 1083 945 1147 Servi
962 1083 1061 1164 igitur
1074 1083 1112 1146 iis
1126 1084 1225 1146 etiam
1238 1083 1401 1147 iudicibus

295 1184 352 1266 qui
375 1185 488 1247 multis
510 1194 586 1265 post
607 1186 747 1249 sacculis
771 1186 812 1249 de
830 1197 864 1250 te
884 1186 1086 1263 iudicabunt,
1103 1197 1137 1251 et
1158 1189 1291 1271 quidem
1312 1189 1401 1251 haud
1426 1214 1437 1262 ς

297 1289 364 1350 scio
380 1308 423 1349 an
444 1289 667 1370 incorruptius
689 1310 789 1372 quam
806 1311 885 1367 nos;
910 1311 988 1353 nam
1004 1301 1038 1354 et
1055 1294 1126 1354 sine
1148 1312 1259 1356 amore
1279 1301 1312 1354 et
1331 1293 1401 1355 sine

264 1493 266 1498 ’
299 1496 337 1558 Id
358 1507 470 1559 autem
494 1498 594 1559 etiam
618 1498 645 1560 si
668 1508 739 1561 tum
760 1499 802 1561 ad
823 1508 864 1574 te,
887 1509 922 1561 ut
942 1500 1078 1581 quidam
1099 1508 1226 1580 putant,
1243 1519 1311 1562 non
1332 1520 1402 1581 per-

297 1599 424 1675 tinebit,
450 1620 539 1663 nunc
563 1612 652 1664 certe
680 1604 823 1683 pertinet
847 1623 921 1666 esse
947 1613 980 1665 te
1005 1604 1105 1665 talem
1128 1613 1165 1665 ut
1189 1614 1263 1666 tuas
1287 1603 1402 1665 laudes

299 1704 514 1767 obscuratura
537 1706 628 1768 nulla
650 1726 808 1788 umquam
832 1707 876 1770 sit
898 1707 1028 1770 oblivio
1414 1736 1440 1766 10

307 1958 394 2021 Your
424 1939 559 2040 danger,
598 1956 725 2035 Caesar,
758 1960 788 2021 is
821 1981 884 2021 our
912 1960 1045 2042 danger,
1071 1981 1163 2041 your
1189 1961 1304 2041 safety,
1336 1981 1398 2021 our

494 2063 623 2145 safety,·
655 2084 704 2125 we
718 2064 838 2146 pledge
853 2086 920 2145 you
944 2085 1006 2125 our
1017 2064 1204 2145 protection.

342 2244 390 2289 ιο.
425 2226 589 2289 Diversae
619 2226 807 2289 voluntates
838 2228 958 2290 civium
993 2227 1128 2289 fuerunt
1159 2226 1403 2307 distractaeque

300 2329 492 2394 sententiae.
542 2329 619 2394 Non
636 2332 725 2394 enim
741 2331 888 2394 consiliis
910 2332 1017 2394 solum
1034 2341 1069 2394 et
1084 2330 1210 2406 studiis,
1229 2331 1287 2394 sed
1303 2329 1403 2393 armis

299 2436 398 2496 etiam
419 2444 454 2497 et
475 2435 592 2498 castris
616 2435 877 2513 dissidebamus;
902 2445 973 2499 erat
994 2436 1081 2498 enim
1103 2435 1286 2498 obscuritas
1308 2455 1405 2516 quae·

299 2539 385 2614 dam,
403 2548 475 2602 erat
497 2550 665 2602 certamen
688 2541 775 2603 inter
796 2540 996 2602 clarissimos
1019 2540 1139 2615 duces3
1165 2539 1260 2601 multi
1278 2539 1404 2601 dubita-

299 2642 379 2705 bant
403 2643 483 2725 quid
506 2643 668 2724 optimum
691 2652 789 2719 esset,
807 2643 903 2706 multi
926 2643 1004 2725 quid
1029 2643 1091 2705 sibi
1114 2644 1292 2724 expediret,
1310 2642 1440 2715 multi15

300 2747 379 2829 quid
399 2747 543 2824 deceret,
560 2768 627 2810 non
651 2748 734 2810 nulli
757 2748 858 2810 etiam
883 2748 961 2830 quid
985 2747 1107 2810 liceret.
1156 2747 1335 2810 Perfuncta
1352 2766 1404 2809 res

299 2851 433 2933 publica
448 2861 499 2915 est
520 2852 583 2915 hoc
603 2853 723 2915 misero
740 2852 900 2934 fatalique
916 2850 1023 2926 bello;
1047 2851 1125 2914 vicit
1141 2852 1168 2913 is
1185 2851 1241 2932 qui
1258 2872 1324 2913 non
1341 2851 1406 2911 for-

299 2964 380 3019 tuna
395 2956 618 3019 inflammaret
633 2956 744 3019 odium
762 2976 868 3032 suum,
887 2955 945 3019 sed
962 2955 1110 3017 bonitate
1127 2955 1252 3029 leniret,
1272 2974 1332 3016 nec
1349 2953 1405 3035 qui

300 3080 426 3135 omnes,
443 3059 563 3142 quibus
579 3059 682 3123 iratus
698 3071 795 3135 esset,
810 3061 945 3122 eosdem
960 3060 1074 3122 exsilio
1091 3069 1148 3121 aut
1165 3067 1269 3120 morte
1285 3059 1405 3138 dignos

300 3165 467 3228 iudicaret.
523 3166 631 3229 Arma
660 3165 702 3228 ab
737 3166 809 3228 aliis
840 3165 956 3246 posita,
990 3165 1031 3226 ab
1067 3164 1139 3225 aliis
1169 3170 1284 3242 erepta
1319 3171 1443 3224 sunt.20

302 3271 459 3352 Ingratus
487 3279 538 3333 est
564 3270 772 3351 iniustusque
797 3269 878 3332 civis
894 3269 950 3350 qui
966 3287 1134 3330 armorum
1159 3265 1306 3347 periculo
1330 3265 1406 3327 libe-

301 3385 390 3438 ratus
412 3375 559 3436 animum
579 3383 691 3437 tamen
710 3374 830 3436 retinet
852 3383 1023 3447 armatum,
1043 3381 1079 3434 ut
1096 3370 1195 3433 etiam
1216 3369 1269 3431 ille
1291 3369 1407 3431 melior

301 3480 341 3542 sit
364 3477 422 3561 qui
445 3477 477 3540 in
501 3498 601 3541 causa
622 3479 766 3540 animam
788 3477 944 3558 profudit.
995 3476 1091 3558 Quae
1113 3477 1200 3538 enirn
1224 3472 1406 3555 pertinacia

302 3583 510 3665 quibusdam,
527 3583 643 3645 eadem
666 3582 737 3645 aliis
757 3583 944 3644 constantia
964 3581 1068 3642 videri
1087 3589 1206 3660 potest.
1255 3578 1322 3642 Sed
1342 3577 1404 3638 iam

302 3687 407 3750 omnis
435 3687 545 3749 fracta
571 3686 734 3749 dissensio
760 3695 811 3748 est
835 3685 943 3759 armis,
969 3685 1132 3746 exstincta
1155 3684 1321 3764 aequitate
1343 3680 1442 3750 vic-25

301 3794 396 3870 toris;
423 3799 529 3854 restat
542 3798 577 3853 ut
589 3810 705 3852 omnes
722 3809 824 3851 unum
838 3788 941 3851 velint
957 3787 1013 3869 qui
1026 3787 1125 3849 modo
1142 3787 1267 3848 habent
1282 3784 1406 3866 aliquid

301 3915 362 3961 non
396 3896 508 3960 solum
540 3894 732 3974 sapientiae,
764 3893 821 3955 sed
854 3894 953 3955 etiam
985 3891 1144 3953 sanitatis.
1193 3889 1267 3952 Nisi
1297 3899 1338 3962 te,
1369 3889 1403 3951 C.

301 4001 433 4078 Caesar,
454 3999 547 4062 salvo
563 4008 597 4061 et
612 3998 646 4060 in
661 3999 725 4060 ista
745 3997 911 4060 sententia
928 4016 994 4078 qua
1013 4015 1087 4057 cum
1107 4005 1207 4057 antea
1222 4003 1292 4057 tum
1308 3992 1407 4054 hodie
