3375 4775
338 615 402 680 ²04
690 606 868 659 ORATIONS
890 608 935 657 or
957 606 1083 657 cronno

336 783 503 848 desiderat
536 791 669 865 praeter
702 783 789 844 hanc
821 782 928 844 laudis
958 792 992 845 et
1022 781 1165 863 gloriae;
1204 802 1271 863 qua
1304 782 1438 863 quidem

336 887 494 963 detracta,
517 886 653 961 iudices
678 885 757 967 quid
781 895 832 948 est
856 885 944 967 quod
972 885 1006 946 in
1029 885 1093 948 hoc
1116 894 1184 947 tam
1207 886 1328 966 exiguo
1350 884 1439 948 vitae

336 991 497 1054 curriculo
513 999 547 1052 et
562 999 630 1053 tam
646 989 738 1052 brevi
758 989 860 1051 tantis
879 1009 940 1051 nos
958 991 993 1051 in
1014 988 1180 1052 laboribus
1201 989 1438 1052 exerceamus?

379 1094 479 1158 Certe
506 1095 534 1156 si
560 1093 642 1155 nihil
672 1094 802 1156 animus
833 1094 1053 1174 praesentiret
1069 1093 1113 1154 in
1141 1102 1321 1174 posterum,
1350 1103 1385 1156 et
1411 1094 1437 1155 si

313 1196 455 1279 squibus
471 1195 661 1277 regionibus
677 1195 764 1258 vitae
785 1196 930 1278 spatium
952 1196 1237 1277 circumscriptum
1253 1205 1313 1272 est,
1331 1195 1435 1259 isdem

335 1320 451 1363 omnes
468 1299 686 1381 cogitationes
705 1299 899 1363 terminaret
915 1319 1001 1373 suas,
1020 1320 1081 1363 nec
1100 1299 1202 1362 tantis
1218 1319 1254 1362 se
1270 1298 1436 1362 laboribus

240 1410 251 1426 “
335 1404 507 1484 frangeret
524 1423 631 1485 neque
652 1412 701 1466 tot
721 1404 809 1466 curis
824 1403 1013 1485 vigiliisque
1032 1413 1212 1484 angeretur
1232 1422 1294 1465 nec
1315 1404 1436 1465 totiens

336 1508 377 1571 de
395 1507 469 1589 ipsa
488 1506 556 1570 vita
577 1507 756 1570 dimicaret.
804 1507 904 1569 Nunc
925 1506 1046 1570 insidet
1069 1507 1232 1589 quaedam
1255 1507 1289 1568 in
1311 1506 1436 1588 optimo

335 1631 467 1693 quoque
482 1610 596 1686 virtus,
614 1630 699 1692 quae
715 1620 831 1674 noctes
848 1630 887 1673 ac
902 1611 973 1673 dies
989 1612 1137 1673 animum
1153 1608 1279 1691 gloriae
1296 1609 1436 1673 stimulis

299 1714 479 1778 roconcitat
494 1723 595 1796 atque
613 1714 771 1777 admonet
792 1735 859 1777 non
882 1734 956 1777 cum
973 1716 1060 1777 vitae
1077 1723 1226 1794 tempore
1242 1733 1316 1777 esse
1332 1712 1436 1776 dimit-

334 1818 469 1881 tendam
492 1819 839 1881 commemorationem
865 1818 1007 1881 nominis
1030 1816 1143 1894 nostri,
1163 1817 1223 1881 sed
1246 1836 1322 1881 cum
1346 1816 1436 1880 omni

334 1923 529 2004 posteritate
544 1922 806 2004 adaequandam.

333 2175 440 2258 Many
462 2198 536 2239 men
559 2176 650 2239 leave
670 2185 793 2239 statues
815 2178 857 2259 af
872 2176 1068 2254 tleeenselven
1086 2177 1131 2240 let
1151 2198 1191 2239 ees
1214 2176 1326 2239 rather
1347 2177 1436 2240 leave

481 2301 569 2343 same
590 2280 764 2343 memorial
782 2282 823 2362 af
838 2301 901 2343 aar
921 2280 1058 2344 waldam
1081 2281 1153 2343 and
1171 2280 1287 2343 virtue.

381 2453 428 2498 12.
461 2436 518 2498 An
537 2456 616 2499 vero
631 2446 698 2499 tam
720 2436 814 2518 parvi
834 2437 936 2499 animi
951 2436 1123 2500 videamur
1142 2457 1216 2502 esse
1234 2457 1362 2513 omnes,
1379 2436 1436 2518 qui

334 2540 368 2602 in
384 2559 420 2602 re
442 2540 574 2620 publica
593 2549 693 2622 atque
708 2542 742 2602 in
764 2541 814 2603 his
834 2541 923 2605 vitae
943 2541 1096 2623 periculis
1117 2541 1351 2624 laboribusque
1366 2560 1436 2602 ver-

299 2668 324 2717 ¹5
335 2662 455 2718 samur,
476 2653 521 2719 ut,
541 2663 615 2705 cum
639 2645 805 2725 usquead
828 2655 1012 2708 extremum
1033 2647 1178 2727 spatium
1199 2645 1326 2708 nullum
1349 2654 1436 2708 tran-

335 2745 473 2827 quillum
490 2755 589 2828 atque
605 2748 746 2810 otiosum
764 2747 915 2829 spiritum
932 2748 1130 2825 duxerimus,
1148 2748 1321 2812 nobiscum
1339 2747 1437 2812 simul

334 2849 493 2912 moritura
512 2851 624 2913 omnia
644 2850 863 2914 arbitremur?
908 2852 966 2915 An
985 2861 1111 2916 statuas
1128 2862 1162 2915 et
1177 2851 1350 2933 imagines,
1368 2871 1436 2914 non

334 2952 518 3016 animorum
543 2955 719 3018 simulacra
742 2955 801 3018 sed
824 2976 1011 3036 corporum,
1028 2956 1176 3019 studiose
1199 2955 1294 3026 multi
1315 2956 1437 3019 summi

335 3056 487 3119 homines
516 3057 719 3138 reliquerunt
727 3079 735 3133 ;
767 3057 978 3120 consiliorum
1001 3059 1190 3141 relinquere
1214 3077 1252 3120 ac
1277 3058 1436 3122 virtutum

297 3183 326 3217 20
335 3168 521 3236 nostrarum
546 3158 690 3240 effigiem
716 3178 828 3222 nonne
855 3158 958 3222 multo
986 3160 1085 3223 malle
1111 3160 1271 3225 debemus
1298 3163 1437 3225 summis

334 3261 476 3343 ingeniis
506 3282 697 3343 expressam
724 3271 758 3324 et
788 3261 948 3343 politam?
995 3263 1069 3344 Ego
1095 3283 1175 3326 vero
1202 3266 1323 3340 omnia,
1351 3285 1437 3347 quae

334 3365 503 3447 gerebam,
519 3364 584 3427 iam
600 3375 671 3428 tum
690 3366 725 3426 in
746 3365 894 3447 gerendo
914 3385 1073 3448 spargere
1093 3386 1146 3430 me
1162 3387 1201 3430 ac
1220 3367 1437 3431 disseminare

334 3468 518 3532 arbitrabar
535 3469 569 3530 in
589 3468 677 3531 orbis
700 3478 808 3532 terrae
830 3468 1022 3532 memoriam
1046 3470 1291 3551 sempiternam.
1340 3470 1436 3534 Haec

334 3592 413 3635 vero
440 3571 509 3635 sive
532 3591 552 3634 a
575 3591 648 3634 meo
675 3591 776 3634 sensu
803 3581 880 3652 post
903 3581 1041 3635 mortem
1065 3573 1199 3635 afutura
1222 3584 1274 3637 est
1297 3575 1376 3650 sive,
1400 3583 1437 3636 ut

297 3695 324 3745 25
335 3675 571 3757 sapientissimi
594 3675 746 3738 homines
771 3683 981 3756 putaverunt,
1007 3676 1048 3738 ad
1075 3677 1220 3760 aliquam
1244 3678 1346 3740 animi
1372 3679 1436 3741 mei

335 3788 464 3861 partem
486 3777 672 3861 pertinebit,
693 3797 782 3840 nunc
806 3779 940 3860 quidem
961 3789 1051 3843 certe
1071 3780 1273 3862 cogitatione
1292 3780 1435 3864 quadam

335 3902 462 3965 speque
478 3883 632 3946 delector.
