3375 4775
1006 552 1300 604 FOURTH
1345 552 1661 604 ORATION
1705 552 2012 603 AGAINST
2056 552 2390 603 CATILINE
2685 558 2799 623 143

586 731 783 790 muni
814 726 1048 809 spiritfi
1089 734 1222 789 nen
1264 734 1455 808 putat
1491 734 1799 808 oportere
1848 736 2047 808 atque
2098 726 2223 789 hee
2278 746 2491 807 genus
2546 747 2804 809 poenae

584 851 800 914 saepe
838 833 908 893 in
939 831 1279 913 improbes
1313 838 1490 893 cives
1528 832 1595 892 in
1638 830 1764 893 hec
1805 837 1877 893 re
1916 829 2181 912 publiea
2219 850 2367 893 esse
2411 838 2801 913 fisurpetum

585 936 1001 1000 recordetur.
1097 936 1291 998 Alter
1334 934 1662 1015 intellegit
1711 944 1993 997 mortem
2043 933 2127 996 ab
2174 934 2276 997 dis
2322 934 2801 998 immortelibus
2905 945 2909 948 '

588 1050 732 1104 nen
785 1060 934 1104 esse
988 1038 1296 1122 supplicii
1348 1045 1549 1102 cause

590 1145 1046 1217 Censtitfltam‚
1101 1142 1219 1205 sed
1273 1152 1389 1205 aut
1441 1162 1549 1205 ne-

590 1249 976 1312 cessitetem
1065 1254 1340 1309 netflrae
1434 1255 1548 1344 aut

592 1352 897 1416 laberum
976 1372 1054 1415 ac
1137 1350 1543 1413 miseriarum
1626 1373 1628 1376 ¹

590 1459 887 1539 quietem
909 1475 1076 1519 esse.
1142 1455 1377 1536 Itaque
1398 1473 1543 1516 eam

591 1560 933 1643 sapientes
954 1577 1316 1640 numquam
1338 1556 1543 1632 inviti,
1625 1594 1634 1647 3

592 1665 805 1727 fortes
847 1682 1050 1745 saepe
1099 1661 1297 1725 etiam
1346 1660 1547 1724 liben-

590 1778 697 1831 ter
717 1774 1204 1849 oppetiverunt.
1259 1766 1548 1829 Vincula

589 1880 753 1935 vere
834 1880 903 1934 et
985 1890 1066 1933 ea
1142 1868 1548 1951 sempiterna
1626 1868 1628 1885 '

591 1983 776 2039 certe
814 1975 899 2038 ad
947 1973 1348 2054 singularem
1398 1992 1547 2054 poe-

591 2100 748 2142 nam
815 2077 1055 2141 nefarii
1121 2076 1385 2140 sceleris
1455 2078 1546 2139 in·
1626 2086 1628 2089 ’

589 2193 795 2246 venta
863 2190 1035 2245 sunt.
1160 2180 1545 2261 Mfinicipiis
1629 2171 1632 2178 ⁸

593 2287 930 2368 dispertiri
975 2285 1173 2348 iubet.
1274 2284 1544 2347 Habere
1630 2262 1674 2293 ”

590 2392 855 2455 videtur
870 2391 996 2453 ista
1013 2397 1118 2452 res
1135 2389 1543 2471 iniquitatem
1623 2370 1635 2401 ³⁹

593 2505 650 2558 si
691 2496 1019 2576 imperare
1054 2493 1234 2564 veIIS,
1276 2492 1547 2556 difficul-
1616 2493 1666 2565 ’1.
1747 2477 1762 2484 ’

591 2606 801 2661 ῐέιῐεῐῐι
852 2607 908 2660 si
954 2604 1207 2677 rogere.
1307 2597 1546 2659 Decer-
1623 2583 1624 2586 ¹
1679 2594 1683 2596 “
2069 2652 2289 2698 CAESAR

591 2709 791 2764 natur
862 2711 1105 2787 tamen,
1178 2709 1234 2762 si
1306 2700 1544 2781 placet.
2819 2731 2877 2764 20

596 2806 746 2886 Ego
798 2804 975 2868 enim
1026 2803 1383 2886 suscipiam
1434 2813 1517 2879 et,
1568 2815 1641 2868 ut
1699 2813 1911 2886 spere,
1967 2805 2292 2886 reperiam
2345 2815 2459 2887 qui
2505 2805 2569 2868 id
2621 2804 2799 2887 quod

593 2909 828 2972 salutis
884 2907 1179 2970 omnium
1241 2915 1442 2971 cause
1504 2909 1886 2984 statueritiS,
1942 2916 2075 2970 nen
2140 2919 2377 2990 putent
2438 2930 2584 2973 esse
2639 2929 2798 2972 suae

592 3010 938 3093 dignitatis
980 3018 1305 3075 recusare.
1398 3011 1732 3094 Adiungit
1773 3033 2043 3094 gravem
2078 3033 2363 3094 poenam
2401 3012 2793 3094 mfinicipiIS‚

593 3126 650 3179 si
703 3117 853 3199 quis
907 3122 1136 3177 eerum
1197 3114 1464 3178 vincula
1523 3116 1777 3198 rtiperit
1804 3136 1817 3190 ;
1881 3115 2227 3178 horribiles
2289 3117 2620 3179 efistedias
2682 3116 2798 3178 cir-

594 3220 868 3283 cumdat
925 3227 993 3281 et
1054 3218 1289 3300 dignes
1353 3219 1601 3281 scelere
1656 3219 1996 3282 hominum
2062 3220 2498 3300 perditerum;
2586 3224 2868 3298 sancit25

593 3332 678 3386 ne
711 3322 862 3406 quis
901 3330 1128 3385 eerum
1168 3342 1452 3405 poenam
1493 3330 1658 3403 ques
1706 3322 2106 3385 condemnat
2156 3334 2269 3386 aut
2323 3344 2441 3406 per
2492 3331 2794 3386 senetum

592 3438 708 3491 aut
755 3447 878 3509 per
924 3425 1244 3509 populum
1293 3427 1513 3489 levere
1558 3427 1804 3507 possit3
1873 3428 2064 3508 eripit
2119 3427 2317 3489 etiam
2365 3447 2573 3508 spem,
2626 3448 2795 3508 quae

593 3533 734 3596 sela
767 3530 1075 3595 homines
1118 3531 1185 3592 in
1231 3529 1509 3593 miseriis
1560 3531 1891 3592 censeleri
1935 3530 2120 3593 solet.
2220 3533 2407 3594 Bona
2454 3538 2795 3611 praeteree

592 3761 791 3824 quam
845 3749 902 3803 si
947 3737 1315 3821 eripuisset,
1365 3738 1609 3800 multes
1658 3744 1791 3799 fine
1844 3737 2103 3799 doleres
2158 3739 2361 3798 animi
2413 3747 2611 3819 atque
2661 3758 2796 3800 cor·
2815 3770 2872 3816 30

592 3847 770 3928 poris
820 3853 891 3907 et
937 3849 1171 3906 omnes
1226 3841 1547 3905 scelerum
1608 3848 1858 3921 poenes
1920 3841 2296 3903 ademisset.
2427 3841 2662 3921 Itaque
2723 3852 2798 3905 ut

589 3951 813 4034 aliqua
859 3948 933 4010 in
963 3953 1100 4009 vita
1139 3944 1429 4008 formide
1464 3942 1783 4025 improbis
1829 3953 2005 4006 esset
2051 3944 2285 4025 posita,
2320 3944 2494 4025 apud
2543 3945 2796 4009 inferes
