3375 4775
502 602 640 651 SECOND
663 603 820 652 ORATION
843 603 997 652 AGAINST
1019 603 1185 652 CATILINE
1337 607 1394 673 105

320 774 370 819 111.
392 774 456 818 Tur:
471 775 576 818 Foncns
591 783 626 818 or
641 774 783 827 Carinus,
798 776 865 819 8-10.

326 849 371 893 IV.
393 850 456 892 Tus
472 850 576 892 Foncas
591 857 627 892 or
640 857 698 892 mro
714 849 849 893 Romane
865 857 896 893 ru
910 848 1058 895 Cournnsr
1073 858 1147 894 wrru
1163 858 1258 905 minsa,
1274 863 1307 895 11.

340 923 371 967 V.
393 922 457 965 Tun
481 922 635 965 Vrcrrnuca
656 929 692 966 or
712 930 770 966 Tus
792 922 903 967 Cousur
926 932 985 967 nun
1007 931 1065 967 rur
1088 924 1263 968 Pnomc'nou
1284 933 1320 969 or
1339 932 1397 969 Tus

424 996 549 1049 G0D812‚
566 1007 601 1053 13.

719 1169 918 1255 Exonn'ruu,
946 1197 958 1242 1

291 1340 433 1422 Referre,
441 1339 715 1421 sellom-citizens,
735 1337 886 1414 Catilina,
904 1340 956 1402 tlte
974 1341 1171 1440 traz'tonutlre
1187 1328 1395 1424 conspirator,

574 1443 604 1504 is
619 1464 659 1505 no
675 1446 789 1525 longer
802 1444 921 1506 within
937 1465 1000 1506 our
1012 1445 1114 1508 walls.

337 1626 364 1670 1.
413 1606 565 1669 Tandem
588 1604 775 1686 aliquando,
793 1606 950 1687 Quirites
972 1608 1009 1668 L.
1032 1607 1208 1670 Catilinam
1228 1610 1396 1672 furentem

291 1710 441 1786 audacia,
459 1712 568 1773 scelus
585 1711 807 1784 anhelantem,
825 1720 955 1791 pestem
978 1711 1103 1791 patriae
1121 1713 1247 1774 nefarie
1265 1714 1397 1777 molien-

291 1824 370 1890 tem,
389 1815 482 1877 vobis
500 1824 599 1895 atque
617 1815 693 1875 huic
713 1813 786 1875 urbi
803 1814 894 1875 ferro
912 1814 1112 1895 flammaque
1132 1818 1415 1880 minitantemtex‘

292 1920 375 1983 urbe
391 1919 444 1982 vel
461 1919 617 1980 eiecimus
634 1919 687 1981 vel
703 1917 872 1979 emisimus
888 1918 940 1980 vel
957 1918 1066 1998 ipsum
1087 1921 1312 1999 egredientem
1329 1944 1397 1985 ver-

292 2024 343 2086 bis
361 2030 531 2104 prosecuti
545 2043 669 2084 sumus.
717 2021 820 2096 Abiit,
838 2022 988 2097 excessit,
1007 2023 1119 2098 evasit,
1138 2027 1254 2105 erupit.
1297 2028 1397 2089 Nulla
1421 2054 1432 2103 ς

292 2128 359 2188 iam
376 2126 541 2207 pernicies
556 2133 576 2188 a
592 2134 741 2187 monstro
759 2126 816 2187 illo
835 2134 937 2207 atque
958 2126 1109 2206 prodigio
1129 2129 1301 2191 moenibus
1317 2131 1397 2211 ipsis

293 2233 381 2293 intra
411 2230 542 2293 moenia
573 2230 825 2310 comparabitur.
875 2229 990 2312 Atque
1018 2231 1106 2293 hunc
1134 2234 1265 2313 quidem
1295 2242 1396 2295 unum

295 2335 393 2398 huius
424 2334 503 2398 belli
533 2334 708 2397 domestici
737 2334 856 2397 ducem
888 2335 959 2397 sine
994 2338 1218 2398 controversia
1249 2338 1395 2401 vicimus.

297 2441 374 2502 Non
393 2440 482 2502 enim
502 2440 567 2501 iam
586 2438 673 2501 inter
693 2438 797 2500 latera
816 2449 930 2500 nostra
951 2448 1017 2501 sica
1033 2440 1088 2501 illa
1104 2441 1288 2505 versabitur
1299 2465 1305 2518 ;
1331 2452 1397 2505 non

294 2544 328 2606 in
352 2552 482 2624 campo,
500 2552 567 2606 non
583 2544 618 2604 in
637 2543 721 2616 foro,
739 2543 857 2603 nonin
874 2543 974 2618 curia,
992 2551 1059 2605 non
1079 2544 1222 2626 denique
1238 2548 1324 2608 intra
1345 2548 1399 2610 do·
1410 2553 1436 2607 '10

296 2648 452 2711 mesticos
470 2649 613 2728 parietes
630 2645 911 2727 pertimescemus.
955 2646 1045 2709 Loco
1057 2647 1111 2708 iile
1124 2657 1233 2712 motus
1249 2661 1309 2725 est,
1323 2672 1397 2712 cum

295 2763 346 2816 est
362 2774 403 2815 ex
420 2753 500 2815 urbe
518 2753 686 2833 depulsus.
735 2752 849 2813 Palam
866 2752 932 2812 iam
950 2770 1024 2812 cum
1043 2752 1137 2814 hoste
1155 2754 1246 2815 nullo
1264 2755 1399 2835 impedi-

295 2867 373 2920 ente
389 2856 513 2919 bellum
526 2858 650 2919 iustum
667 2863 831 2937 geremus,
866 2855 945 2918 Sine
962 2855 1063 2917 dubio
1079 2857 1282 2936 perdidimus
1299 2859 1401 2920 homi-

296 2982 372 3024 nem
398 2961 641 3042 magnificeque
662 2959 810 3034 vicimus,
831 2979 907 3020 cum
931 2958 1023 3020 ilium
1048 2979 1088 3020 ex
1112 2962 1249 3023 occultis
1273 2963 1400 3025 insidiis

296 3067 329 3128 in
354 3075 507 3147 apertum
532 3064 739 3126 latrocinium
764 3065 975 3126 coniecimus.
1024 3064 1123 3145 Quod
1140 3073 1218 3127 vero
1242 3075 1308 3128 non
1332 3088 1436 3145 cru-15

297 3179 412 3232 entum
447 3177 649 3243 mucronem,
686 3177 723 3230 ut
755 3168 868 3242 voluit,
905 3167 1029 3241 extulit,
1067 3169 1156 3248 quod
1189 3180 1271 3231 vivis
1306 3172 1400 3233 nobis

297 3282 452 3354 egressus
474 3283 534 3346 est,
551 3273 641 3354 quod
660 3281 691 3335 ei
714 3272 839 3333 ferrum
865 3279 883 3334 e
907 3272 1059 3334 manibus
1084 3275 1290 3348 extorsimus,
1312 3276 1400 3357 quod

297 3377 479 3439 incolumes
514 3383 611 3451 cives
644 3375 733 3457 quod
768 3384 911 3437 stantem
948 3376 1063 3437 urbem
1102 3378 1241 3457 reliquit,
1277 3388 1402 3460 quanto

297 3480 434 3543 tandem
452 3480 544 3541 illum
561 3488 709 3542 maerore
731 3499 805 3542 esse
829 3479 999 3542 adflictum
1024 3491 1057 3543 et
1076 3481 1286 3561 profligatum
1311 3477 1420 3563 puta?

293 3583 363 3658 tis?
410 3585 503 3647 Iacet
522 3584 577 3645 ille
599 3604 689 3646 nunc
715 3591 908 3664 prostratus
928 3583 1083 3665 Quintes
1102 3595 1135 3646 et
1157 3593 1193 3647 se
1213 3588 1400 3665 perculsum
1412 3617 1440 3648 20

297 3698 398 3772 atque
425 3687 592 3750 abiectum
619 3707 693 3751 esse
721 3686 822 3750 sentit
849 3697 882 3749 et
909 3697 1079 3769 retorquet
1106 3689 1219 3750 oculos
1251 3691 1403 3769 profecto

299 3813 398 3874 saepe
420 3791 463 3854 ad
484 3793 570 3853 hanc
593 3791 718 3865 urbem,
736 3811 836 3871 quam
853 3799 871 3852 e
888 3801 955 3852 suis
979 3791 1132 3853 faucibus
1157 3799 1304 3872 ereptam
1329 3815 1402 3857 esse

299 3897 410 3979 luget3
442 3915 529 3978 quae
560 3894 694 3975 quidem
726 3893 806 3956 mihi
838 3894 954 3955 laetari
983 3896 1122 3968 videtur,
1155 3895 1244 3975 quod
1275 3907 1402 3967 tantam

298 4010 427 4093 pestem
452 3998 637 4071 evomuerit
659 3998 816 4088 forasque
840 3996 1023 4088 proiecerit.
