3375 4775
520 613 680 666 onmnou
702 613 772 664 ron
791 613 869 663 rna
892 612 1073 662 unurnmu
1096 613 1177 664 mu
1337 603 1397 684 167

290 797 326 851 et
341 788 517 851 nationum
533 786 716 851 iuvabatur.
764 788 854 851 Nam
870 786 933 850 hoc
949 786 1021 849 iere
1037 796 1083 850 sic
1100 787 1171 849 fieri
1186 787 1292 850 solere
1308 793 1398 850 acce-

293 892 413 974 pimus,
432 900 467 953 ut
491 898 608 971 regum
635 890 787 954 adflictae
810 891 966 954 fortunae
989 889 1087 953 facile
1112 891 1288 952 multorum
1315 898 1397 972 opes

294 994 452 1076 adliciant
470 992 513 1056 ad
525 993 794 1069 misericordiam,
806 994 1015 1076 maximeque
1027 1001 1140 1057 eorum
1157 1003 1213 1076 qui
1229 1004 1286 1057 aut
1301 1001 1396 1075 reges

295 1106 373 1159 sunt
388 1107 446 1159 aut
462 1106 579 1160 vivunt
594 1097 627 1160 in
648 1104 763 1178 regno,
781 1106 817 1160 ut
838 1096 877 1160 iis
901 1106 1022 1160 nomen
1046 1098 1158 1178 regale
1182 1104 1340 1178 magnum
1364 1107 1398 1161 et

295 1207 449 1262 sanctum
481 1221 555 1266 esse
588 1201 747 1264 videatur.
811 1201 930 1282 Itaque
964 1210 1093 1263 tantum
1127 1200 1233 1264 victus
1266 1200 1431 1280 efficeres

295 1305 404 1385 potuit
420 1315 581 1388 quantum
597 1305 770 1368 incolumis
786 1322 969 1385 numquam
982 1314 1033 1366 est
1044 1324 1144 1366 ausus
1157 1312 1279 1386 optare.
1307 1304 1396 1367 Nam

296 1427 371 1472 cum
389 1410 474 1472 sein
491 1416 630 1489 regnum
655 1429 752 1471 suum
775 1407 967 1490 recepisset,
985 1415 1053 1470 non
1075 1408 1139 1471 fuit
1161 1416 1201 1471 eo
1220 1419 1397 1472 contentus

296 1513 385 1594 quod
413 1522 444 1575 ei
470 1522 603 1592 praeter
629 1533 722 1593 spem
744 1511 921 1588 acciderat,
949 1521 986 1574 ut
1018 1511 1117 1587 illam,
1150 1519 1266 1594 postea
1296 1533 1396 1594 quam

296 1616 412 1698 pulsus
435 1625 515 1691 erat,
537 1626 657 1679 terram
679 1636 838 1699 umquam
863 1616 1050 1697 attingeret,
1075 1615 1190 1699 sedin
1215 1618 1396 1680 exercitum

295 1729 445 1781 nostrum
464 1719 589 1782 clarum
607 1729 705 1801 atque
721 1721 880 1783 victorem
896 1719 1058 1801 impetum
1074 1720 1162 1782 iecit.
1407 1749 1433 1780 ιο

340 1822 448 1887 Sinite
464 1822 526 1885 hoc
543 1822 625 1897 loco,
643 1822 799 1904 Quirites,
816 1832 901 1885 sicut
925 1831 1044 1904 poetae
1065 1824 1173 1887 solent
1191 1831 1315 1906 quires
1334 1825 1397 1886 Ro

295 1934 412 1989 manas
437 1926 594 2001 scribunt,
611 1936 790 2008 praeterire
814 1934 868 1989 me
890 1937 1038 1990 nostram
1062 1928 1293 2003 calamitatem,
1311 1948 1396 2010 quae

295 2040 389 2094 tanta
404 2031 469 2094 fuit
485 2040 522 2094 ut
537 2050 610 2093 eam
627 2030 670 2093 ad
694 2038 789 2093 aures
805 2030 1014 2111 imperatoris
1030 2038 1098 2093 non
1118 2050 1158 2092 ex
1174 2031 1299 2111 proelio
1315 2039 1396 2093 nun-

295 2134 369 2211 tius,
387 2135 448 2198 sed
464 2155 504 2197 ex
521 2142 674 2198 sermone
690 2141 801 2197 rumor
816 2133 972 2196 adferret.
1021 2133 1132 2195 Hicin
1150 2134 1204 2195 illo
1220 2133 1293 2214 ipso
1308 2135 1397 2197 malo

296 2238 557 2320 gravissimique
570 2237 649 2300 belli
660 2238 845 2301 offensione
861 2238 898 2299 L.
915 2237 1083 2312 Lucullus
1095 2247 1151 2317 qui
1162 2247 1274 2299 tamen
1286 2238 1396 2319 aliqua
1407 2264 1432 2312 ¹5

296 2357 335 2400 ex
360 2348 455 2420 parte
478 2339 520 2403 iis
544 2338 765 2404 incommodis
786 2341 911 2405 mederi
930 2342 1074 2404 fortasse
1094 2340 1263 2421 potuisset,
1285 2349 1396 2405 vestro

292 2443 386 2505 -iusst‘r
400 2451 544 2518 coactus,
558 2445 648 2526 quod
661 2445 791 2526 imperii
806 2446 1015 2509 diuturnitati
1033 2446 1167 2507 modum
1183 2446 1394 2507 statuendum

295 2555 407 2609 vetere
424 2548 577 2628 exemplo
597 2548 782 2629 putavistis,
801 2560 930 2630 partem
952 2550 1091 2613 miiitum
1114 2558 1170 2631 qui
1189 2550 1253 2610 iam
1275 2559 1395 2629 stipen-

295 2648 356 2711 diis
373 2651 519 2713 coniecti
534 2660 629 2714 erant
645 2651 776 2727 dimisit,
794 2662 922 2733 partem
942 2655 999 2716 Μ’.
1012 2655 1184 2718 Glabrioni
1197 2656 1341 2719 tradidit.

340 2752 449 2816 Multa
472 2763 647 2835 praetereo
669 2756 828 2831 consulto,
847 2756 905 2818 sed
929 2764 1044 2819 cavos
1060 2758 1250 2820 coniectura
1273 2757 1433 2837 perspi-20

294 2856 368 2931 cite,
382 2867 544 2938 quantum
560 2857 641 2921 illud
656 2859 778 2922 bellum
793 2859 920 2922 factum
938 2861 1070 2940 putetis
1084 2862 1173 2942 quod
1190 2860 1395 2940 coniungant

295 2966 391 3040 reges
416 2962 645 3041 potentissimi,
669 2973 830 3026 renovent
851 2963 995 3043 agitatae
1018 2966 1179 3039 nationes,
1211 2965 1394 3044 suscipiant

294 3065 445 3144 integrae
475 3072 604 3145 gentes,
632 3084 739 3128 novus
768 3066 948 3149 imperator
974 3077 1088 3131 noster
1117 3068 1258 3149 accipiat
1282 3077 1394 3131 vetere

293 3167 438 3230 exercitu
455 3167 560 3249 pulso.

479 3389 558 3453 Tua
581 3390 715 3497 Cnorfa
738 3409 781 3454 or
804 3407 826 3453 A
850 3370 1084 3467 Couununan
1106 3408 1209 3473 10-17

293 3532 382 3596 Four
403 3534 647 3619 qualifications
669 3558 726 3598 are
748 3537 905 3599 essential
925 3536 959 3600 in
980 3559 1001 3599 a
1019 3548 1115 3619 grear
1134 3538 1393 3601 commander—

336 3640 485 3714 scientia‚
502 3640 615 3713 virtus
633 3640 820 3715 auctoritas,
845 3641 918 3702 and
935 3641 1087 3703 felicitas.
1145 3641 1285 3722 Ponrpey
1300 3640 1393 3703 alone

334 3742 396 3805 has
411 3742 465 3805 tlte
480 3742 635 3824 requz'site
650 3743 799 3824 militm
813 3744 1001 3825 knowledge
1015 3746 1088 3807 and
1098 3744 1284 3825 expemnce.

337 3915 384 3960 ιο.
418 3896 507 3961 Satis
531 3896 610 3959 mihi
634 3897 738 3960 multa
756 3897 859 3961 verba
882 3897 1003 3961 fecisse
1021 3899 1142 3973 videor,
1161 3904 1225 3979 qua
1246 3904 1281 3959 re
1302 3910 1391 3962 esset
1401 3926 1427 3973 25

291 3999 354 4062 hoc
377 4000 502 4065 bellum
526 4020 649 4082 genere
671 4001 746 4083 ipso
768 4001 1001 4077 necessarium,
1020 4002 1246 4083 magnitudine
1266 4013 1392 4083 pericu-
