3375 4775
526 609 685 661 onnrrou
708 609 777 660 ron
798 608 874 659 rius
897 606 1077 659 unuumu
1100 608 1180 659 mu
1343 612 1404 680 179

294 793 357 849 (ine
373 795 551 868 exquirere
566 805 744 869 possumus
761 784 943 861 veritatem,
960 794 1060 866 atque
1077 769 1295 860 hoc'iacilius,
1313 785 1401 866 quod

295 911 334 954 ea
350 891 475 964 omnia,
494 896 616 972 quaeri
631 896 685 952 me
705 890 815 967 adhuc
837 890 926 951 dicta
947 898 1034 964 sunt,
1050 890 1137 951 idem
1157 890 1211 950 isti
1225 896 1305 950 vera
1328 909 1402 952 esse

295 994 497 1069 concedunt,
522 1003 557 1056 et
579 994 802 1056 necessarium
828 992 951 1055 bellum
979 1012 1053 1056 esse
1077 1002 1110 1055 et
1134 999 1293 1073 magnum
1309 1000 1343 1055 et
1366 993 1400 1054 in

295 1106 365 1161 uno
381 1098 443 1161 Cn.
462 1098 622 1180 Pompeio
637 1117 767 1160 summa
782 1116 856 1159 esse
872 1098 992 1160 omnia.
1350 1162 1357 1169 ,

342 1202 433 1284 Quid
464 1201 565 1283 igitur
590 1202 637 1263 ait
668 1201 892 1264 Hortensius?
939 1202 975 1265 Si
1005 1209 1063 1263 uni
1089 1200 1199 1263 omnia
1225 1200 1400 1263 tribuenda
1424 1226 1435 1274 5

295 1305 373 1382 sint,
401 1305 633 1387 dignissimum
662 1325 736 1368 esse
764 1305 969 1387 Pompeium,
996 1307 1054 1368 sed
1084 1306 1127 1367 ad
1154 1312 1257 1367 tinum
1288 1316 1400 1367 tamen

295 1411 411 1473 omnia
429 1410 553 1472 deferri
573 1417 640 1472 non
656 1416 819 1490 oportere.
868 1409 1041 1474 Obsolevit
1064 1410 1129 1471 iam
1150 1409 1214 1471 ista
1237 1408 1342 1471 oratio
1365 1416 1401 1471 re
1422 1398 1431 1413 ’

295 1513 527 1594 multomagis
544 1533 644 1595 quarn
660 1512 770 1576 verbis
786 1514 939 1576 refutata.
989 1514 1077 1575 Nam
1094 1520 1129 1575 tu
1145 1513 1243 1588 idem,
1258 1513 1299 1594 Q.
1316 1513 1400 1575 Hor-

293 1625 394 1694 tensi,
419 1617 524 1681 multa
548 1626 608 1699 pro
633 1623 692 1680 tua
719 1624 848 1680 summa
874 1618 970 1699 copia
996 1637 1035 1680 ac
1059 1617 1218 1698 singulari
1240 1616 1400 1679 facultate

294 1723 431 1786 dicendi
453 1732 487 1785 et
512 1724 546 1785 in
571 1729 688 1785 senatu
716 1723 960 1784 contravirum
987 1722 1117 1798 fortem,
1143 1722 1185 1783 A.
1211 1721 1398 1798 Gabinium,
1412 1746 1437 1779 ιο

293 1827 443 1908 graviter
457 1833 640 1909 ornateque
656 1826 775 1901 dixisti,
790 1846 866 1889 cum
883 1826 910 1889 is
927 1827 969 1888 de
985 1834 1052 1889 uno
1068 1827 1267 1908 imperatore
1283 1832 1398 1889 contra

294 1931 484 2012 praedones
515 1931 747 1993 constituendo
778 1931 887 2011 legem
918 1931 1171 2012 promulgasset,
1203 1939 1236 1993 et
1266 1950 1306 1993 ex
1337 1931 1399 1992 hoe

293 2034 371 2116 ipsi>
394 2034 468 2097 loco
490 2034 654 2117 permulta
677 2033 756 2097 item
780 2042 896 2097 contra
918 2054 992 2097 eam
1020 2035 1129 2116 legem
1151 2034 1253 2096 verba
1279 2033 1397 2097 fecisti.

294 2138 412 2221 Quid?
449 2139 546 2214 Tum,
564 2139 720 2220 perderis
736 2137 956 2201 immortales!
983 2148 1011 2201 si
1032 2139 1107 2220 plus
1128 2138 1217 2220 apud
1239 2139 1399 2219 populum

295 2244 487 2305 Romanum
504 2241 683 2305 auctoritas
698 2250 756 2304 tua
771 2262 872 2323 quam
888 2242 992 2324 ipsius
1009 2243 1124 2324 populi
1143 2243 1286 2305 Romani
1309 2243 1435 2315 salus15

292 2356 330 2410 ct
345 2353 424 2409 vera
439 2365 540 2409 causa
555 2345 722 2422 valuisset,
739 2346 838 2409 hodie
855 2347 941 2409 hanc
961 2346 1098 2428 gloriam
1115 2356 1215 2429 atque
1232 2347 1294 2410 hoc
1311 2347 1399 2410 orbis

292 2460 406 2514 terrae
426 2449 601 2532 imperium
624 2450 836 2513 teneremus?
882 2451 939 2512 An
962 2450 1021 2513 tibi
1044 2460 1114 2512 tum
1138 2450 1311 2532 imperium
1336 2452 1399 2514 hoc

292 2574 372 2616 esse
387 2553 569 2630 videbatur,
587 2538 670 2617 cum'
679 2554 794 2636 populi
811 2555 955 2617 Romani
974 2555 1081 2636 legati,
1100 2563 1292 2636 quaestores
1309 2576 1399 2637 prae-

292 2664 452 2740 toresque
467 2657 692 2739 capiebantur,
707 2677 782 2720 cum
796 2678 836 2720 ex
849 2658 1002 2721 omnibus
1018 2660 1195 2741 provinciis
1211 2666 1398 2723 commeatu

292 2770 331 2825 et
353 2769 484 2844 privato
507 2771 541 2824 et
563 2760 698 2844 publico
717 2761 982 2844 prohibebamur,
1001 2783 1076 2826 cum
1099 2765 1145 2826 ita
1168 2763 1281 2827 clausa
1304 2764 1436 2826 nobrs20

292 2874 393 2930 erant
414 2867 518 2928 maria
536 2867 657 2942 omnia,
674 2874 711 2928 ut
733 2886 843 2948 neque
867 2873 1029 2947 privatam
1053 2887 1123 2929 rem
1145 2874 1399 2930 transmarinam

293 2989 407 3052 neque
424 2969 590 3050 publicam
606 2969 672 3032 iam
688 2970 780 3033 obire
796 2969 991 3051 possemus?

344 3075 393 3138 18.
427 3075 522 3156 Quae
539 3074 655 3136 civitas
671 3080 769 3136 antea
785 3094 942 3155 umquam
955 3074 1028 3150 fuit,
1039 3111 1083 3120 -
1093 3082 1158 3136 non
1175 3075 1249 3138 dico
1262 3074 1400 3137 Atheni-

293 3177 437 3253 ensium,
455 3197 540 3259 quae
556 3176 636 3240 satis
652 3178 718 3252 late¹
734 3178 902 3259 quondam
919 3198 1009 3240 mare
1025 3179 1172 3240 tenuisse
1189 3179 1315 3254 dicitur,
1333 3187 1400 3241 non

295 3280 635 3363 Carthaginiensium,
648 3291 705 3364 qui
720 3281 921 3362 permultum
938 3282 1044 3345 classe
1060 3302 1098 3344 ac
1116 3283 1285 3345 maritimis
1302 3283 1435 3354 rebus25

293 3387 483 3460 valuerunt,
500 3392 568 3447 non
585 3385 802 3461 Rhodiorum,
821 3394 961 3467 quorum
978 3394 1083 3468 usque
1104 3386 1147 3448 ad
1168 3397 1315 3449 nostram
1337 3407 1401 3449 me-

294 3490 436 3553 moriam
450 3488 625 3571 disciplina
640 3489 767 3552 navalis
781 3499 814 3553 et
827 3490 932 3570 gloria
944 3491 1112 3564 remansit,
1123 3510 1261 3572 -quae
1273 3492 1398 3566 civitas

294 3595 443 3676 inquam,
461 3600 559 3655 antea
574 3603 643 3656 tam
659 3594 777 3668 tenuis,
795 3614 881 3676 quae
897 3603 965 3656 tam
982 3614 1085 3675 parva
1100 3594 1209 3656 insula
1225 3594 1297 3669 fuit,
1315 3614 1400 3676 quae

294 3705 364 3761 non
381 3704 498 3780 portus
515 3704 592 3760 suos
609 3706 642 3760 et
658 3705 756 3779 agros
772 3707 806 3760 et
821 3698 966 3780 aliquam
986 3708 1113 3779 partem
1133 3697 1277 3779 regionis
1301 3706 1400 3780 atque

294 3810 374 3866 orae
392 3802 577 3864 maritimae
593 3821 653 3883 per
665 3809 701 3864 se
715 3803 790 3883 ipsa
806 3801 1024 3864 defenderet?
1069 3802 1117 3864 At
1130 3801 1263 3864 hercule
1277 3800 1401 3883 aliquot
1411 3825 1439 3871 30

295 3915 403 3970 annos
429 3904 607 3969 continuos
634 3915 712 3968 ante
735 3905 844 3986 legem
872 3904 1047 3969 Gabiniam
1078 3905 1132 3968 ille
1163 3905 1307 3986 populus
1339 3905 1401 3966 Ro-

294 4019 423 4087 manus,
438 4010 535 4074 cuius
551 4015 657 4092 risque
673 4008 716 4072 ad
732 4018 880 4073 nostram
897 4008 1088 4074 memoriam
1104 4017 1227 4073 nomen
1242 4009 1401 4071 invictum
