3375 4775
506 596 644 648 SECOND
668 595 826 647 ORATION
848 595 1000 646 AGAINST
1024 594 1190 645 CATILINE
1341 600 1401 665 109

293 770 368 850 quis
384 769 535 849 perditus
552 770 694 831 inveniri
709 778 829 850 potest,
847 778 903 850 qui
926 775 1053 831 secum
1073 767 1215 833 Catiline
1236 775 1301 830 nen
1317 767 1400 829 iam-

293 873 480 935 ilierissime
497 874 619 934 vixisse
634 872 802 935 iateetur?
850 871 945 953 Quae
966 871 1085 934 caedes
1102 891 1161 951 per
1177 872 1278 934 husee
1293 879 1399 934 annes

294 976 367 1039 sine
383 976 438 1039 ille
454 978 546 1039 iacta
570 985 630 1050 est,
648 976 737 1057 quod
761 975 926 1038 neferium
950 984 1101 1054 stuprum
1118 983 1184 1037 nen
1206 974 1398 1056 perillum?

296 1081 369 1142 Iam
393 1088 472 1142 vere)
496 1099 582 1161 quae
606 1088 701 1142 tanta
723 1098 881 1161 umquam
906 1077 940 1139 in
966 1078 1033 1139 ulle
1060 1078 1194 1141 homine
1218 1079 1398 1141 iuventittis

294 1183 462 1245 inlecebra
479 1183 543 1245 fuit
565 1191 690 1264 quanta
714 1184 748 1243 in
774 1182 852 1244 illo?
898 1182 965 1263 Qui
989 1182 1070 1244 alies
1091 1182 1160 1261 ipse
1185 1181 1318 1244 amebat
1334 1192 1397 1243 tur·
1422 1210 1432 1256 5
1501 1195 1503 1199 '

295 1286 440 1367 pissime,
465 1287 602 1348 alierum
627 1294 731 1348 ambri
758 1285 1014 1366 {legitiesissime
1035 1283 1207 1359 serviebat,
1222 1284 1292 1346 aliis
1313 1285 1398 1368 frue-

294 1400 365 1452 tum
390 1390 573 1464 libidinum,
599 1390 670 1452 aliis
702 1398 841 1452 mortem
871 1399 1046 1471 parentum
1071 1396 1137 1449 nen
1163 1388 1261 1450 modo
1286 1387 1398 1468 impel-

294 1493 395 1556 lendi>
419 1501 534 1555 verum
563 1494 663 1555 etiam
692 1492 880 1556 adiuvandi>
907 1491 1131 1574 pollicebitur.
1194 1492 1293 1553 Nunc
1319 1499 1398 1553 vere

294 1617 396 1678 quam
421 1596 531 1659 subite)
554 1604 621 1659 nen
652 1597 758 1659 selum
786 1617 826 1659 ex
857 1595 947 1670 urbe,
964 1603 1077 1658 verum
1110 1597 1208 1657 etiam
1240 1615 1279 1657 ex
1310 1605 1398 1675 agris

294 1700 466 1781 ingentem
503 1720 678 1763 numerum
721 1699 925 1781 perditerum
965 1699 1136 1762 hominum
1188 1699 1435 1779 conlegerat!10

296 1805 407 1867 Nemi)
426 1812 493 1866 non
515 1803 614 1867 modo
639 1805 777 1877 Remae,
795 1803 853 1865 sed
877 1803 944 1865 ullo
967 1802 1000 1864 in
1024 1804 1148 1882 augule
1163 1811 1263 1864 tetius
1281 1788 1397 1865 ltaliae

294 1926 478 1988 oppressus
506 1927 582 1970 aere
607 1907 716 1969 alieno
740 1907 812 1982 fuit,
830 1926 930 1989 quem
956 1913 1024 1969 nen
1048 1906 1091 1967 ad
1116 1906 1178 1968 hec
1206 1904 1397 1968 incredibile

294 2011 431 2073 sceleris
447 2010 569 2073 foedus
584 2011 746 2074 asciverit.

295 2275 334 2355 ls
351 2295 407 2355 my
428 2272 613 2354 consulship
635 2295 695 2336 can
716 2275 794 2355 free
816 2274 869 2337 tlte
893 2275 958 2355 city
969 2277 1064 2356 from
1088 2277 1174 2338 illese
1195 2275 1394 2350 abandoned,

441 2378 500 2441 but
523 2378 685 2460 desperate
709 2400 790 2455 men,
824 2378 876 2441 tlte
902 2391 986 2442 state
1011 2380 1086 2443 will
1108 2380 1143 2442 be
1168 2380 1249 2463 safe.

337 2557 369 2620 5.
403 2539 518 2623 Atque
547 2549 584 2603 ut
615 2541 687 2603 eius
719 2539 851 2602 diversa
877 2542 987 2604 studia
1017 2541 1050 2603 in
1082 2542 1231 2605 dissimili
1269 2544 1395 2605 ratibne

293 2645 486 2726 perspicere
510 2643 653 2724 possitis,
667 2650 766 2705 nemo
781 2653 832 2706 est
859 2644 891 2705 in
919 2645 997 2706 lude
1021 2645 1216 2725 gladiiterio
1239 2647 1338 2726 paule
1355 2647 1395 2707 ad
1409 2675 1431 2721 ις

293 2748 427 2810 facinus
439 2747 595 2810 audicior
608 2755 713 2829 quise
729 2755 794 2809 nen
811 2748 965 2809 intimum
983 2748 1144 2810 Catilinae
1157 2770 1230 2811 esse
1240 2750 1394 2822 fateatur,

294 2858 394 2913 neme
409 2852 444 2912 in
459 2857 582 2912 scaene
599 2850 701 2914 levior
716 2861 750 2914 et
766 2851 905 2933 nequior
921 2859 1028 2933 quise
1044 2860 1110 2913 nim
1127 2852 1273 2914 eiusdem
1291 2873 1395 2932 prope

294 2952 442 3017 sodelem
464 2953 569 3016 fuisse
592 2963 836 3017 commemoret.
884 2955 998 3035 Atque
1021 2955 1108 3016 idem
1135 2964 1247 3017 tamen
1271 2964 1396 3036 stupri>-

295 3077 367 3119 rum
384 3066 419 3120 et
434 3056 598 3119 scelerum
621 3057 856 3120 exercitetiime
880 3057 1094 3119 adsuefactus
1118 3058 1242 3139 frigore
1258 3068 1291 3120 ct
1307 3059 1394 3121 fame

294 3171 326 3222 et
349 3161 404 3222 siti
426 3169 460 3222 et
484 3159 602 3240 vigiliis
626 3160 832 3240 perferendis
857 3160 952 3222 fortis
976 3159 1017 3222 ab
1040 3161 1111 3221 istis
1135 3161 1434 3240 praedicebetur‚20

295 3283 369 3325 cum
399 3263 582 3326 industriae
624 3263 771 3325 subsidia
812 3273 911 3345 atque
949 3271 1169 3326 instrumenta
1198 3263 1327 3327 virtutis
1361 3267 1395 3326 in

296 3366 430 3429 libidine
453 3366 657 3447 audaciaque
681 3374 900 3430 censemeret.

339 3471 442 3532 Hunc
458 3476 538 3531 vere
554 3478 582 3531 si
598 3477 704 3532 secuti
717 3480 813 3532 erunt
831 3481 882 3533 sui
897 3470 1043 3546 comites,
1062 3480 1090 3532 si
1105 3491 1145 3533 ex
1161 3472 1242 3534 urbe
1258 3471 1396 3535 exierint

294 3573 545 3653 desperatorum
567 3572 738 3635 hominum
761 3573 916 3654 degitiesi
932 3582 1060 3654 greges
1084 3561 1115 3638 O
1139 3584 1199 3637 nes
1221 3563 1394 3650 beetesO

295 3696 362 3739 rem
381 3676 549 3758 publicam
566 3676 782 3751 fortunetam,
797 3662 827 3740 O
842 3677 1045 3757 praecleram
1059 3678 1189 3741 laudem
1204 3681 1394 3742 censulettus
1405 3707 1430 3752 25

296 3780 376 3843 mei!
425 3780 504 3841 Nen
529 3779 618 3841 enim
644 3779 709 3840 iam
732 3789 809 3840 sunt
826 3779 1010 3842 mediocres
1033 3781 1204 3844 hominum
1232 3782 1393 3857 libidines

294 3891 358 3946 nen
383 3884 552 3945 heminae
576 3901 615 3943 ac
638 3881 831 3944 tolerandae
853 3883 1028 3959 audeciae3
1061 3884 1143 3945 nihil
1159 3884 1306 3963 cegitant
1332 3887 1395 3947 nisi

293 3988 439 4063 caedem,
465 3985 530 4049 nisi
552 3981 716 4060 incendia,
738 3983 801 4050 nisi
824 3992 967 4067 rapinis.
1012 3987 1216 4051 Patrimenia
1239 4007 1299 4049 sua
1324 4009 1394 4068 pro·
