3375 4775
338 584 399 657 150
678 541 865 640 ¹omnons
888 584 934 640 or
956 584 1084 641 cremo

331 764 445 826 velint.
493 763 602 826 Multu
628 771 707 827 veru
732 763 875 827 murima
900 785 978 847 pars
1005 774 1118 828 eurum
1146 775 1203 848 qui
1229 766 1262 829 in
1289 766 1439 831 tabernis

332 876 419 939 sunt,
444 867 545 929 immo
568 867 741 930 veru—id
764 868 853 931 enim
881 869 992 950 potius
1015 879 1066 932 est
1088 870 1438 952 dicendum—genus

332 970 395 1031 hoc
419 970 608 1032 universum
633 971 897 1034 amantissimum
921 983 972 1035 est
998 974 1063 1035 otii.
1112 973 1244 1036 Etenim
1269 995 1370 1037 omne
1392 985 1439 1035 in-

332 1080 563 1149 strumentum,
580 1074 688 1137 omnis
705 1096 806 1157 opera
822 1086 923 1157 atque
940 1086 1097 1158 quaestus
1109 1077 1299 1159 frequentia}
1315 1078 1434 1150 civium

310 1184 547 1250 §sustentutun
565 1178 663 1239 alitur
678 1180 764 1252 otio;
788 1187 929 1260 quurum
946 1190 975 1242 si
990 1190 1147 1261 quaestus
1169 1182 1312 1243 occlusis
1331 1180 1436 1244 taber·

333 1289 383 1341 nis
402 1281 504 1341 minui
519 1281 611 1356 solet,
630 1281 708 1363 quid
726 1281 861 1345 tandem
877 1283 1022 1346 incensis
1039 1284 1188 1345 futurum
1204 1284 1292 1347 fuit?

337 1541 402 1605 Tlte
414 1543 592 1625 extgrencies
603 1545 644 1626 of
648 1544 702 1607 tlte
711 1565 782 1606 case
793 1544 941 1608 demand
942 1555 1077 1627 prompt
1085 1546 1157 1608 and
1164 1545 1311 1608 decisive‘
1316 1546 1433 1609 action.

374 1726 404 1785 9.
437 1705 533 1788 Quae
564 1726 639 1769 cum
671 1706 715 1769 ita
742 1706 818 1781 sint,
847 1713 959 1787 patres
983 1714 1171 1789 cunscripti,
1196 1707 1291 1771 vobis
1320 1709 1435 1789 populi

333 1810 476 1872 Rumani
506 1810 670 1891 praesidia
700 1818 767 1873 nun
795 1812 917 1873 desunt
926 1832 934 1887 ;
965 1818 1024 1873 vus
1055 1817 1097 1873 ne
1128 1811 1253 1893 populu
1282 1813 1435 1874 Romanu

331 1912 449 1976 deesse
460 1913 639 1976 videumini
655 1914 834 1995 providete.
883 1912 1027 1977 Habetis
1043 1914 1211 1977 consulem
1226 1934 1267 1977 ex
1284 1914 1433 1996 plurimis

296 2038 322 2071 ιο
332 2016 486 2097 periculis
508 2028 542 2081 et
564 2018 691 2080 insidiis
714 2028 814 2100 atque
837 2037 878 2081 ex
901 2017 1008 2080 mediu
1032 2028 1146 2093 morte,
1171 2026 1238 2080 non
1265 2017 1309 2080 ad
1332 2028 1433 2081 vitam

331 2141 424 2182 suam
442 2121 501 2183 sed
517 2121 559 2183 ad
576 2121 715 2183 salutem
733 2131 878 2183 vestram
895 2128 1108 2184 reservaitum.
1154 2121 1284 2185 Omnes
1300 2117 1434 2185 ordines

332 2224 373 2286 ad
397 2224 658 2287 conservandam
682 2244 751 2288 rem
776 2224 943 2305 publicam
967 2233 1087 2300 mente,
1108 2225 1289 2298 voluntate,
1314 2216 1432 2299 studiu,

330 2330 460 2403 virtute,
479 2336 559 2391 vucc
575 2330 797 2392 consentiunt.
844 2327 994 2393 Obsessa
1009 2327 1140 2392 facibus
1159 2336 1193 2392 et
1212 2328 1287 2392 telis
1311 2327 1434 2412 impiae

331 2433 566 2495 coniuraitiunis
582 2433 675 2495 vobis
692 2432 832 2514 supplex
851 2439 969 2495 manus
985 2432 1092 2496 tendit
1113 2431 1220 2514 patria
1235 2433 1433 2509 communis

296 2537 424 2604 1svobis
455 2544 500 2610 se,
532 2537 624 2599 vobis
654 2546 754 2598 vitam
789 2537 937 2598 omnium
970 2536 1101 2610 civium,
1132 2537 1226 2600 vubis
1257 2556 1369 2599 arcem
1400 2547 1435 2600 et

332 2641 541 2721 Capitulium,
558 2640 652 2703 vubis
667 2647 741 2702 airus
759 2639 942 2716 Penutium,
959 2640 1053 2703 vubis
1069 2640 1161 2702 illum
1176 2649 1290 2721 ignem
1308 2642 1435 2704 Vestae

332 2745 579 2826 sempiternum,
597 2745 689 2807 vobis
706 2744 852 2807 omnium
869 2744 1006 2807 deurum
1025 2744 1150 2826 templa
1166 2754 1267 2826 atque
1283 2745 1433 2819 delubra,

330 2850 423 2911 vobis
446 2856 557 2911 murus
577 2858 677 2930 atque
695 2849 785 2912 urbis
809 2855 897 2911 tecta
921 2849 1142 2911 commendat.
1190 2849 1369 2912 Praeterea
1392 2849 1434 2912 de

331 2961 440 3016 vcstru
455 2961 531 3029 vitu,
546 2953 587 3016 de
603 2953 781 3033 coniugum
797 2959 983 3016 vestrurum
1000 2962 1100 3034 atque
1116 2951 1294 3015 liberorum
1310 2954 1433 3028 animai,

293 3057 372 3118 20de
395 3059 537 3120 fortunis
559 3056 714 3131 omnium,
732 3057 773 3118 de
796 3057 939 3132 sedibus,
957 3056 999 3118 de
1022 3057 1105 3120 focis
1128 3064 1247 3119 vestris
1270 3056 1434 3121 hodiernu

330 3160 384 3221 die
399 3162 491 3223 vobis
507 3160 719 3222 iudicandum
736 3170 794 3223 est.

375 3264 517 3327 Habetis
541 3265 658 3327 ducem
684 3285 864 3327 memorem
887 3274 997 3338 vestri,
1015 3264 1152 3327 oblitum
1176 3273 1236 3340 sui,
1254 3284 1342 3347 quae
1366 3274 1433 3329 nun

330 3388 462 3449 semper
474 3368 615 3431 facultus
628 3370 743 3444 datur;
769 3368 898 3430 habetis
914 3377 1029 3431 omues
1042 3369 1184 3442 urdines
1197 3376 1315 3432 omnes
1331 3370 1435 3433 homi-

330 3478 398 3546 nus,
417 3473 605 3535 universum
623 3473 783 3554 populum
803 3474 1000 3545 Romanum,
1018 3473 1051 3534 id
1068 3473 1156 3554 quod
1173 3472 1206 3534 in
1223 3473 1311 3535 civili
1331 3481 1433 3536 causai

292 3575 491 3654 25hodiernu
521 3576 574 3638 die
607 3585 750 3657 primum
781 3577 941 3651 videmus,
974 3583 1077 3638 unum
1109 3586 1209 3658 atque
1240 3576 1328 3639 idem
1360 3597 1434 3640 sen-

329 3680 475 3742 tientem.
523 3679 675 3760 Cogitute
698 3690 829 3761 quantis
854 3680 1020 3742 laboribus
1043 3680 1227 3743 fundatum.
1243 3680 1432 3763 imperium,

330 3791 454 3864 quantu
481 3785 602 3846 virtute
629 3784 806 3846 stabilitam
835 3783 1029 3858 libertutem
1058 3791 1183 3866 quantu
1209 3783 1347 3848 deurum
1378 3783 1433 3848 be·

330 3889 490 3968 nignitute
515 3894 628 3951 auctus
652 3894 937 3968 exaggeraitusque
961 3889 1113 3950 fortunus
1137 3896 1204 3950 una
1230 3909 1297 3952 nox
1324 3908 1433 3970 paene

330 3990 454 4054 delerit.
503 3992 542 4054 Id
571 3999 612 4053 ne
639 4011 796 4073 umquam
822 3992 962 4072 posthac
989 4000 1055 4054 nun
1082 3993 1179 4056 modo
1207 4000 1274 4054 nun
1302 3992 1431 4069 confici,
