3375 4775
317 483 377 547 168
666 491 845 542 ommorrs
867 491 913 544 or
934 491 1064 545 cremo

314 666 420 729 losum
434 686 442 743 ;
466 676 570 729 restat
585 676 621 729 ut
637 665 678 728 de
701 665 902 747 imperatore
917 665 960 728 ad
983 664 1017 728 id
1040 666 1166 739 bellum
1185 665 1366 749 deligendi>
1380 685 1416 728 ac

313 779 415 832 tantis
430 768 530 832 rebus
546 769 769 851 praeficiendo
785 769 964 833 dicendum
980 788 1055 832 esse
1070 768 1233 833 videatur.

358 873 507 946 Utinam,
535 873 692 955 Quirites
722 873 868 935 virorum
898 873 1035 936 fortium
1062 883 1163 955 atque
1190 873 1416 937 innocentium

314 979 443 1058 copiam
461 986 587 1039 tantam
612 976 778 1039 haberetis
800 987 836 1039 ut
856 977 939 1040 haec
954 977 1049 1040 vobis
1064 976 1260 1040 deliberatio
1276 961 1417 1040 difficilis

293 1090 412 1158 5esset,
440 1101 620 1162 quemnam
648 1080 857 1161 potissimum
888 1089 990 1143 tantis
1017 1081 1115 1145 rebus
1143 1100 1181 1143 ac
1208 1089 1304 1143 tanto
1331 1080 1417 1144 bello

315 1184 570 1268 praeficiendum
601 1184 779 1265 putareris!
839 1185 939 1248 Nunc
966 1192 1145 1247 verticum
1174 1184 1329 1247 sitimus
1357 1185 1415 1249 Cn.

316 1289 502 1369 Pompeius,
528 1298 585 1371 qui
607 1296 673 1350 non
698 1288 796 1351 modo
813 1296 928 1351 eorum
956 1289 1127 1351 hominum
1152 1298 1209 1371 qui
1231 1308 1322 1351 nunc
1342 1298 1418 1351 sunt

315 1393 465 1473 gloriam,
482 1393 540 1455 sed
557 1392 657 1455 etiam
673 1392 878 1474 antiquitatis
894 1393 1087 1455 memoriam
1103 1392 1226 1455 virtitte
1242 1393 1417 1474 superarit,

315 1517 400 1577 quae
416 1504 469 1559 res
485 1508 536 1559 est
552 1516 638 1579 quae
654 1496 850 1578 cuiusquam
866 1496 1013 1559 animum
1030 1497 1063 1557 in
1081 1496 1144 1557 hac
1160 1503 1262 1558 causti
1281 1495 1417 1558 dubium

279 1602 427 1663 rolacere
446 1601 573 1681 possit?
594 1587 596 1591 ⁵
621 1601 695 1681 Ego
714 1600 802 1662 enim
826 1610 872 1664 sic
896 1602 1057 1675 existimo,
1074 1599 1107 1661 in
1132 1607 1264 1662 summo
1279 1599 1418 1681 impera·

314 1713 385 1768 tore
398 1715 554 1787 quattuor
571 1705 630 1766 his
643 1712 695 1767 res
708 1704 817 1767 inesse
830 1712 993 1785 oportere,
1009 1703 1181 1767 scientiam
1193 1713 1242 1766 rei
1257 1703 1416 1779 militaris,

314 1809 480 1883 virttitem,
497 1810 736 1883 auctoritatem,
754 1808 957 1870 felicitatem.

359 1912 444 1995 Quis
465 1912 565 1992 igitur
589 1914 652 1974 hoc
675 1913 809 1975 homine
832 1912 989 1975 scientior
1011 1932 1169 1994 umquam
1193 1920 1251 1975 aut
1274 1912 1340 1975 fuit
1363 1921 1418 1974 aut

315 2037 389 2080 esse
405 2016 540 2079 debuit?
587 2016 691 2098 Quiri
713 2016 791 2079 lodo
814 2026 914 2097 atque
939 2017 1101 2097 pueritiae
1124 2015 1308 2097 disciplinis
1331 2015 1417 2079 bello

280 2122 573 2201 15ma'1xim6atque
589 2121 757 2183 acerrimis
774 2120 925 2183 hostibus
941 2119 983 2182 ad
1001 2121 1104 2201 patris
1120 2121 1300 2182 exercitum
1318 2130 1416 2202 atque

315 2226 349 2286 in
366 2225 501 2287 militiae
520 2224 728 2306 disciplinam
752 2225 924 2306 proiectus
947 2234 1008 2300 est,
1026 2233 1083 2305 qui
1105 2231 1253 2286 extremi
1277 2224 1416 2306 pueritia
1446 2298 1452 2308 Ι

316 2329 411 2392 miles
434 2330 468 2391 in
494 2329 638 2391 exercitii
666 2328 730 2391 fuit
758 2338 879 2391 summi
903 2326 1121 2411 imperatoris,
1148 2327 1285 2392 ineunte
1310 2328 1422 2390 adulti„

316 2433 443 2496 scentia
466 2435 600 2494 maximi
621 2434 693 2514 ipse
717 2435 881 2496 exercitiis
904 2433 1093 2515 imperator,
1113 2442 1171 2515 qui
1191 2431 1327 2514 saepius
1343 2452 1416 2496 cum

318 2538 413 2600 hoste
440 2537 585 2600 conflixit
611 2557 710 2618 quam
734 2537 910 2618 quisquam
940 2557 1015 2600 cum
1042 2538 1176 2599 inimico
1202 2536 1414 2611 concertavit,

279 2642 413 2723 20plt'1ra
433 2641 521 2704 bella
539 2641 643 2722 gessit
666 2660 766 2722 quam
789 2649 892 2703 ceteri
914 2641 1076 2722 legerunt,
1094 2640 1207 2723 pltircs
1230 2639 1416 2722 provincias

317 2746 461 2808 coniecit
488 2766 588 2827 quam
615 2744 670 2807 alii
697 2753 967 2827 concupiverunt,
995 2745 1090 2808 cuius
1121 2745 1350 2809 adulescentia
1375 2744 1416 2807 ad

317 2836 487 2912 scientiam
508 2860 556 2912 rei
575 2849 723 2911 militaris
745 2858 813 2912 non
836 2849 953 2912 alienis
976 2859 1163 2931 praeceptis
1187 2849 1246 2912 sed
1270 2859 1340 2912 suis
1362 2849 1417 2912 im-

317 2953 426 3035 periis,
444 2962 510 3016 non
532 2953 774 3016 offensionibus
796 2953 876 3016 belli
899 2953 957 3016 sed
981 2953 1135 3030 victoriis,
1151 2961 1219 3016 non
1242 2947 1416 3035 stipendiis

317 3058 376 3120 scd
392 3058 569 3138 triumphis
585 3069 636 3120 est
653 3057 789 3119 erudita.
837 3057 937 3138 Quod
954 3058 1098 3140 denique
1117 3077 1224 3139 genus
1242 3077 1318 3121 esse
1341 3057 1417 3120 belli

280 3190 306 3237 25
318 3171 427 3243 potest
454 3161 487 3222 in
515 3169 580 3242 quo
604 3162 695 3222 illum
721 3169 786 3223 non
813 3162 995 3224 exercuerit
1019 3162 1155 3224 iortt'ma
1178 3170 1226 3224 rei
1242 3160 1416 3241 priblicae?

319 3266 430 3340 Civile,
450 3250 660 3339 {fricanum
682 3265 951 3346 Transalpinum
974 3265 1038 3327 His
1064 3266 1200 3328 aniense
1224 3274 1362 3327 mixtum
1378 3285 1417 3327 ex

317 3370 503 3432 civitatibus
528 3379 627 3450 atque
651 3389 691 3432 cx
713 3368 972 3431 bellicosissimis
997 3286 1195 3444 naiionibus
1219 3368 1346 3444 servile,
1365 3373 1418 3429 na·

316 3472 390 3536 vale
406 3472 539 3546 bellum,
555 3472 646 3535 varia
662 3482 695 3534 et
711 3473 842 3534 diversa
858 3491 983 3552 genera
995 3481 1029 3535 et
1044 3471 1206 3534 bellorum
1224 3481 1257 3535 et
1274 3471 1415 3534 hostium

317 3585 384 3639 non
408 3577 514 3638 solum
534 3586 629 3658 gesta
652 3577 694 3638 ab
717 3577 875 3651 boemo,
902 3576 961 3639 sed
986 3575 1085 3639 ctiam
1105 3576 1270 3652 confecta,
1292 3575 1416 3637 millam

279 3701 387 3756 301⁹&ss
403 3701 477 3743 esse
493 3681 663 3743 declarant
686 3681 719 3742 in
744 3688 805 3742 tisri
830 3680 972 3762 positam
993 3680 1124 3744 militari
1142 3700 1228 3761 quae
1244 3679 1342 3742 huius
1357 3679 1418 3743 viri

318 3785 489 3849 scientiam
506 3784 625 3866 fugere
641 3785 755 3866 possit
