3375 4775
354 542 414 631 146
703 550 880 611 onmion's
903 550 949 609 or·
970 547 1098 611 crosno
1156 566 1158 571 ·

351 736 493 817 Cethegi
515 745 549 798 et
572 736 665 797 furor
688 734 721 797 in
744 741 856 797 vestre
879 733 982 797 caede
1004 733 1208 796 bacchantis.
1257 734 1343 797 Cum
1376 730 1455 798 vere

351 841 431 902 mihi
454 846 612 921 preposui
635 846 831 919 regnantem
858 838 1047 912 Lentulum,
1061 846 1144 899 sicut
1167 836 1240 919 ipse
1264 844 1301 899 se
1317 857 1358 899 ex
1373 837 1455 900 fetis

350 950 502 1026 speresse
529 943 704 1004 confessus
727 951 787 1016 est,
813 947 1031 1022 purpuretum
1055 960 1129 1003 esse
1160 941 1237 1003 huic
1261 941 1452 1016 Gabinium,

350 1068 425 1111 cum
456 1048 600 1110 exercitii
624 1046 755 1107 venisse
783 1044 970 1119 Catilinam,
995 1054 1065 1107 tum
1090 1044 1362 1107 lementetienem
1388 1052 1455 1106 me-

328 1162 438 1230 5trum
462 1149 614 1223 familiam,
643 1159 713 1210 tum
737 1149 853 1229 fugam
878 1148 1043 1229 virginum
1079 1157 1179 1230 atque
1207 1155 1387 1229 puererum
1414 1169 1454 1212 ac

349 1255 557 1318 vexetienem
573 1253 738 1334 virginum
755 1252 940 1315 Vestelium
958 1252 1174 1332 perhorresco
1184 1272 1191 1327 ;
1206 1240 1259 1325 et,
1277 1251 1355 1333 quia
1372 1252 1452 1313 mihi

349 1360 564 1423 vehementer
579 1358 662 1420 haec
679 1356 832 1418 videntur
856 1356 976 1418 misera
999 1365 1098 1437 atque
1115 1355 1311 1429 miseranda,
1328 1356 1454 1418 idcirce

350 1465 383 1525 in
400 1471 457 1525 ees
473 1472 585 1544 quiea
602 1462 760 1542 perficere
775 1459 951 1521 voluerunt
968 1466 1020 1521 me
1037 1466 1187 1521 severum
1204 1458 1453 1521 vehementem·

350 1587 415 1648 que
432 1566 583 1647 praebee.
632 1564 764 1626 Etenim
782 1570 913 1644 quaere,
932 1571 960 1624 si
976 1562 1049 1643 quis
1066 1572 1161 1644 pater
1177 1561 1321 1623 familias
1337 1562 1450 1625 liberis

315 1677 453 1733 10suise
476 1678 572 1732 serve
594 1669 786 1741 interfectis,
818 1675 919 1729 uxore
943 1673 1061 1737 occise,
1078 1667 1214 1729 incense
1244 1666 1344 1729 dome
1376 1687 1452 1748 sup

349 1775 485 1855 plicium
501 1774 543 1834 de
559 1781 655 1835 servo
670 1780 736 1834 non
753 1791 853 1852 quam
867 1770 1115 1833 acerbissimum
1133 1772 1321 1851 sumpserit,
1339 1781 1451 1833 utrum

349 1878 377 1938 is
393 1877 538 1938 clemens
562 1896 600 1938 ac
628 1877 813 1937 misericors
838 1896 881 1936 an
904 1872 1200 1935 inhumenissimus
1217 1884 1249 1936 et
1266 1873 1452 1936 crudelissi-

350 2001 423 2042 mus
439 2000 512 2042 esse
529 1979 687 2041 videetur.
737 1978 821 2040 Mihi
843 1985 922 2039 vere
945 1977 1153 2056 importunus
1176 1997 1215 2039 ac
1236 1977 1376 2051 ferreus,
1394 1987 1452 2059 qui

349 2093 413 2146 nen
429 2085 542 2147 dolore
565 2094 598 2146 et
621 2085 766 2146 crucietis
793 2083 942 2146 nocentis
959 2104 1055 2145 suum
1080 2083 1225 2146 dolerem
1251 2086 1450 2147 crucietum-

313 2209 413 2269 15que
431 2188 566 2250 lenierit.
615 2188 669 2251 Sic
693 2194 754 2248 nes
777 2188 811 2248 in
835 2187 886 2247 his
909 2186 1107 2261 hominibus,
1127 2197 1183 2269 qui
1206 2196 1276 2263 nos,
1294 2197 1352 2268 qui
1375 2208 1452 2250 con-

349 2293 452 2372 iuges,
471 2293 526 2373 qui
539 2291 658 2353 liberos
674 2298 805 2352 nostros
828 2291 992 2353 trucidere
1017 2292 1200 2365 voluerunt,
1218 2300 1275 2372 qui
1299 2292 1450 2372 singulis

348 2399 444 2453 tinius
468 2393 627 2474 cuiusque
651 2405 800 2456 nostrum
825 2392 941 2455 domes
968 2402 1002 2455 et
1025 2393 1088 2455 hec
1109 2394 1299 2456 universum
1323 2404 1371 2457 rei
1392 2403 1451 2476 pri·

347 2494 453 2556 blicae
479 2495 680 2557 domicilium
706 2495 815 2557 delere
843 2502 954 2557 coneti
980 2504 1066 2569 sunt,
1094 2504 1152 2576 qui
1175 2495 1208 2558 id
1236 2503 1386 2576 egerunt,
1414 2505 1450 2558 ut

347 2603 482 2673 gentem
499 2593 719 2673 Allobrogum
736 2593 768 2654 in
786 2597 934 2675 vestigiis
952 2596 1048 2657 huius
1065 2596 1155 2659 urbis
1171 2607 1271 2679 atque
1288 2600 1321 2659 in
1338 2599 1451 2663 cinere

309 2696 520 2776 20deflagreti
534 2698 665 2778 imperii
688 2698 908 2771 conlocerent,
927 2709 954 2761 si
976 2699 1260 2764 vehementissimi
1275 2698 1449 2778 fuerimus

348 2799 574 2862 misericordes
598 2799 813 2877 habebimur;
838 2811 888 2865 sin
912 2803 1116 2866 remissiores
1139 2824 1213 2866 esse
1236 2805 1449 2883 voluerimus

348 2924 496 2966 summae
513 2904 607 2966 nobis
635 2904 838 2967 crudelitetis
862 2907 895 2967 in
926 2907 1053 2987 patriae
1084 2907 1271 2990 civiumque
1303 2910 1450 2990 pernicie

347 3008 438 3068 ferna
451 3006 623 3070 subeunda
638 3018 697 3070 est.
746 3009 818 3071 Nisi
841 3016 921 3072 vere
944 3011 1086 3091 cuipiam
1113 3011 1150 3073 L.
1169 3012 1302 3088 Caesar,
1319 3014 1370 3075 vir
1385 3015 1452 3076 for·

347 3110 493 3173 tissimus
509 3121 541 3173 et
557 3111 804 3175 amantissimus
828 3123 876 3175 rei
898 3113 1059 3194 publicae,
1072 3114 1236 3178 crudelior
1251 3117 1374 3180 midius
1386 3127 1450 3181 ter·

309 3240 336 3289 25
347 3215 412 3277 tius
428 3224 518 3277 visus
533 3224 593 3288 est,
611 3234 686 3277 cum
703 3217 823 3278 soreris
848 3237 936 3292 suae,
954 3217 1099 3280 feminae
1116 3219 1324 3294 lectissimae,
1341 3221 1449 3283 virum

348 3328 559 3400 praesentem
583 3329 616 3381 et
640 3319 831 3383 audientem
858 3328 925 3383 vite
949 3322 1146 3402 privandum
1171 3343 1246 3385 esse
1264 3323 1355 3398 dixit,
1372 3345 1448 3386 cum

348 3442 445 3484 avum
459 3442 555 3483 suum
579 3421 668 3484 iussi]
696 3424 842 3485 consulis
865 3424 1077 3487 interfectum
1102 3425 1278 3508 filiumque
1305 3427 1377 3490 eius
1393 3426 1450 3489 im-

347 3524 506 3606 puberem
524 3526 669 3606 legetum
693 3533 712 3587 e
736 3536 830 3607 patre
847 3526 984 3589 missum
1007 3527 1041 3589 in
1058 3547 1189 3591 carcere
1205 3537 1362 3592 necatum
1375 3550 1450 3593 esse

348 3629 437 3692 dixit.
494 3630 644 3711 Quorum
675 3630 764 3711 quod
791 3630 897 3693 simile
927 3632 1078 3694 iactum?
1125 3632 1224 3714 Quod
1253 3634 1374 3697 initum
1397 3634 1450 3697 de-

309 3733 465 3806 3olendae
488 3743 536 3795 rei
552 3733 703 3814 publicae
727 3734 924 3797 consilium?
972 3736 1174 3816 Largitienis
1198 3737 1355 3801 voluntis
1378 3748 1450 3802 tum

346 3839 380 3899 in
397 3845 432 3899 re
449 3836 580 3918 pirblice
596 3844 727 3900 verseta
754 3849 806 3901 est
836 3847 870 3900 et
901 3839 1044 3920 partium
1071 3841 1235 3922 quaedam
1267 3844 1446 3906 contentio.

348 3942 461 4023 Atque
484 3942 540 4002 ilio
570 3951 719 4022 tempore
746 3941 843 4004 huius
874 3962 956 4005 avus
988 3943 1131 4019 Lentuli,
1159 3944 1209 4008 vir
1235 3944 1448 4021 dirissimus,
