3375 4775
517 587 634 636 imm)
658 586 814 635 ORATION
837 553 1179 637 Aemusr‘cmume
1342 600 1399 662 137

290 771 445 824 vestrum
462 772 514 826 est
528 760 711 843 previdere.
754 760 976 843 Quamquam,
995 761 1151 843 Quirites,
1168 764 1250 826 mihi
1266 765 1399 847 quidem

292 866 362 947 ipsi
386 864 469 927 nihil
492 865 534 928 ab
559 864 632 928 istis
655 866 720 927 iam
744 871 859 928 noceri
881 875 1000 946 potest.
1050 867 1212 946 Megnum
1236 869 1324 931 enim
1348 880 1400 933 est

292 971 330 1033 in
347 969 443 1033 bonis
460 970 672 1051 praesidium,
689 969 779 1051 quod
799 967 880 1030 mihi
897 969 931 1030 in
951 980 1149 1051 perpetuum
1170 980 1398 1053 comparetum

293 1086 367 1153 est;
391 1082 515 1155 migna
529 1075 564 1136 in
579 1080 616 1135 re
631 1073 764 1155 piblice
785 1073 939 1153 diguitis,
960 1093 1045 1155 quae
1069 1081 1122 1136 me
1145 1094 1277 1155 semper
1299 1078 1400 1139 tacita

293 1179 475 1257 defendet3
504 1185 626 1258 megna
652 1186 701 1239 vis
728 1177 961 1252 censcientiae,
990 1197 1090 1259 quam
1117 1187 1175 1260 qui
1204 1179 1397 1261 neglegunt,
1423 1206 1434 1253 5

293 1305 373 1347 eum
397 1292 450 1346 me
472 1282 596 1346 violere
618 1281 742 1356 volent,
767 1288 802 1343 se
825 1281 891 1361 ipsi
913 1279 1116 1344 indicibunt.

341 1389 404 1451 Est
422 1388 562 1451 enimin
581 1387 676 1449 nebis
695 1386 723 1448 is
740 1386 879 1460 animus,
901 1384 1057 1466 Quirites,
1075 1395 1112 1448 ut
1128 1394 1195 1448 nen
1211 1388 1310 1450 modo
1326 1389 1397 1451 mil-

294 1493 359 1556 lius
384 1492 542 1556 audeciae
567 1491 733 1565 cedemus,
760 1490 819 1551 sed
844 1489 945 1551 etiam
973 1496 1090 1552 omnes
1117 1491 1285 1571 improbes
1313 1493 1399 1554 tiltre

294 1617 429 1678 semper
442 1597 653 1659 lacessimus.
697 1595 797 1676 Quod
814 1603 842 1656 si
858 1595 964 1656 omnis
980 1594 1126 1674 impetus
1141 1595 1397 1658 domesticerum

294 1700 441 1763 hostium
458 1700 617 1781 depulsus
632 1706 652 1762 e
667 1699 761 1762 vebis
778 1697 864 1760 sein
884 1705 937 1759 me
957 1705 1060 1759 tinum
1079 1700 1288 1775 converterit,
1305 1701 1398 1763 vebis
1409 1729 1437 1759 10

293 1804 357 1867 erit
379 1805 570 1878 videndum,
594 1803 750 1885 Quirites,
772 1808 839 1885 que
863 1802 1057 1864 condiciene
1081 1804 1220 1882 posthic
1245 1812 1301 1865 ees
1325 1825 1398 1867 esse

293 1909 402 1971 velitis
426 1918 482 1989 qui
505 1915 541 1969 se
565 1915 626 1988 pre
646 1908 753 1970 saliite
774 1914 886 1970 vestre
908 1906 1088 1970 obtulerint
1110 1906 1253 1970 invidiae
1274 1918 1397 1989 pericu-

295 2014 401 2094 lisque
425 2012 587 2074 0mnibus.
636 2010 722 2072 Mihi
745 2011 879 2093 quidem
900 2011 964 2092 ipsi
986 2010 1064 2093 quid
1087 2021 1137 2073 est
1159 2012 1247 2093 quod
1269 2012 1333 2074 iam
1355 2013 1398 2075 ad

293 2125 382 2178 vitae
412 2115 558 2177 frfictum
591 2116 696 2197 possit
726 2116 865 2198 adquiri,
896 2136 971 2178 cum
1004 2117 1199 2198 praesertim
1228 2136 1337 2198 neque
1363 2118 1397 2178 in

293 2221 421 2282 honere
446 2227 557 2282 vestre
581 2240 690 2301 neque
714 2219 748 2281 in
774 2219 879 2301 glerii
904 2220 1035 2283 virtfltis
1062 2221 1238 2303 quicquam
1266 2220 1396 2296 videam
1409 2245 1433 2292 15

293 2324 403 2399 altius,
431 2331 498 2406 que
524 2323 605 2384 mihi
633 2322 733 2385 libeat
761 2324 965 2388 ascendere?
1015 2325 1102 2389 Illud
1130 2325 1299 2407 perficiam
1326 2345 1398 2406 pro·

293 2429 394 2503 fecte,
424 2428 579 2510 Quirites,
608 2437 645 2490 ut
671 2448 711 2490 ea
738 2449 824 2510 quae
857 2440 948 2511 gessi
978 2430 1011 2492 in
1043 2430 1217 2493 censuletri
1249 2437 1397 2510 privitus

292 2543 390 2595 tuear
411 2542 510 2613 atque
531 2541 655 2608 ernem,
679 2543 723 2608 ut,
746 2542 775 2595 si
799 2555 865 2615 qua
890 2545 941 2597 est
964 2535 1088 2597 invidia
1111 2534 1145 2596 in
1169 2534 1398 2597 censervande

293 2645 328 2699 re
346 2636 479 2716 priblice
495 2646 660 2716 suscepta,
679 2637 789 2700 laedat
805 2638 944 2714 invides
963 2640 1044 2701 mihi
1059 2640 1169 2703 valeat
1185 2641 1227 2702 ad
1243 2639 1393 2720 gleriam.

295 2740 451 2821 Denique
467 2739 514 2801 ita
531 2747 582 2802 me
601 2741 635 2802 in
657 2748 692 2802 re
712 2742 845 2822 priblice
864 2743 1015 2806 trectebe
1034 2754 1070 2807 ut
1090 2744 1295 2806 meminerim
1316 2763 1435 2805 sem-20

293 2864 354 2925 per
371 2863 456 2924 quae
475 2845 645 2924 gesserim,
665 2853 845 2926 ciuemque
865 2856 902 2908 ut
921 2867 960 2908 ea
975 2846 1106 2921 virtute,
1124 2855 1189 2908 nen
1206 2855 1284 2909 cesti
1302 2855 1396 2927 gesta

292 2967 368 3010 esse
383 2948 566 3010 videantur.
615 2950 695 3023 Ves,
714 2949 870 3031 Quirites,
888 2950 1045 3032 quoniam
1062 2952 1127 3012 iam
1144 2961 1195 3014 est
1210 2972 1285 3026 nox,
1302 2970 1398 3013 vene·

293 3059 356 3114 reti
384 3052 501 3114 Iovem
529 3050 632 3126 illum,
662 3053 833 3115 cristedem
866 3054 963 3116 huius
995 3053 1085 3116 urbis
1116 3075 1154 3117 ac
1179 3064 1335 3129 vestrum,
1364 3053 1398 3115 in

291 3166 404 3219 vestra
427 3163 518 3218 tecta
541 3155 700 3218 discedite
723 3166 757 3218 et
778 3177 826 3232 ea,
844 3177 1046 3238 quamquam
1066 3159 1129 3219 iam
1148 3167 1198 3219 est
1215 3159 1397 3239 periculum

292 3261 482 3342 depulsum,
496 3267 609 3321 tamen
626 3267 731 3340 aeque
747 3279 786 3321 ac
803 3260 911 3341 priere
927 3271 1025 3323 nocte
1042 3261 1200 3324 cristediis
1212 3261 1398 3343 vigiliisque
1408 3287 1434 3334 25

292 3364 475 3428 defendite.
525 3362 564 3424 Id
588 3370 631 3424 ne
650 3363 744 3425 vebis
768 3363 890 3425 diritius
914 3364 1105 3426 faciendum
1126 3365 1169 3426 sit
1190 3374 1289 3445 atque
1311 3366 1398 3426 utin

292 3474 457 3552 perpetue
473 3473 558 3548 price
573 3486 647 3530 esse
664 3467 806 3547 possitis
825 3468 1014 3548 previdebe.
