3375 4775
571 591 647 641 THE
669 592 908 642 FOURTEENTH
933 591 1111 641 PlllLlPPlC
1328 599 1391 662 249

280 816 324 879 ln
349 815 402 880 tlte
425 836 521 879 name
542 817 583 897 of
598 838 660 879 our
671 816 835 899 generals,
852 817 875 878 I
885 828 1022 898 propere
1044 837 1065 878 a
1089 786 1328 899 llzanksgiving
1347 819 1389 899 os

317 921 403 1003 fifty
433 921 521 1001 days.
572 919 646 983 Oztr
671 920 819 994 soldiers,
844 929 903 995 too,
929 920 1060 982 deserve
1082 920 1203 1001 praz'se.
1258 921 1322 984 Let
1351 943 1390 983 us

328 1024 463 1087 reward
482 1024 535 1086 tlte
555 1024 667 1106 living
684 1024 757 1086 and
774 1024 879 1086 horror
898 1024 951 1086 tlre
973 1045 1115 1105 memory
1130 1026 1171 1105 of
1187 1025 1239 1087 tlte
1261 1025 1354 1088 dead.

330 1198 378 1242 11.
414 1161 569 1242 Decerno
592 1178 692 1260 igitur
719 1199 833 1242 eorum
862 1178 958 1241 trium
987 1180 1120 1241 nomine
1148 1180 1389 1261 quinquaginta

284 1284 412 1347 dierum
430 1283 708 1365 supplicationes;
729 1303 856 1358 causas
871 1292 906 1345 ut
924 1283 1263 1347 honorificentissimis
1279 1283 1388 1364 verbis

284 1387 446 1470 consequi
462 1398 611 1468 potuerO,
629 1388 832 1468 complectar
848 1387 921 1468 ipsa
937 1387 1111 1449 sententia.

328 1494 390 1555 Est
407 1502 519 1555 autem
536 1492 613 1555 fidei
634 1491 832 1573 pietatisque
855 1502 989 1554 nostrae
1010 1491 1178 1555 decla-rare
1199 1493 1389 1556 fortissimis

284 1597 444 1661 militibus
460 1617 558 1678 quam
576 1616 741 1660 memores
760 1598 863 1659 simus
885 1617 1050 1679 quamque
1070 1597 1164 1677 grati.
1212 1598 1322 1679 Quam
1346 1598 1388 1661 ob
1411 1623 1422 1672 5

283 1722 353 1765 rem
376 1700 540 1783 promissa
559 1709 671 1763 nostra
692 1710 792 1782 atque
814 1720 863 1773 ea,
882 1720 967 1781 quae
991 1700 1177 1780 legionibus
1200 1701 1287 1763 bello
1311 1722 1388 1764 con·

283 1808 373 1869 fecto
397 1805 580 1868 tributuros
607 1825 669 1867 nos
692 1804 944 1887 spopondimus,
969 1804 1128 1868 hodierno
1156 1815 1291 1867 senatus
1315 1825 1392 1868 con-·

283 1911 370 1974 sulto
387 1910 581 1973 renovanda
595 1928 715 1972 censeo
726 1929 734 1985 3
759 1929 902 1991 aequum
923 1917 974 1971 est
994 1909 1082 1971 enim
1107 1908 1255 1985 militum,
1273 1910 1387 1972 talium

284 2013 492 2097 praesertim,
509 2014 669 2076 honorem
686 2012 853 2093 coniungi.
901 2013 1015 2094 Atque
1032 2012 1167 2089 utinam,
1186 2023 1298 2094 patres
1314 2034 1389 2077 con-

283 2119 408 2201 scripti,
422 2118 577 2183 omnibus
589 2118 717 2182 solvere
731 2118 825 2181 nobis
841 2117 990 2199 praemia
1006 2118 1135 2180 liceret!
1176 2118 1387 2199 Quamquam
1400 2145 1426 2175 10

283 2245 345 2287 nos
361 2244 402 2287 ea
418 2244 504 2305 quae
520 2222 730 2303 promisimus
744 2222 892 2285 studiose
905 2222 1072 2285 cumulata
1088 2221 1272 2284 reddemus
1321 2223 1388 2286 Sed

282 2328 316 2391 id
333 2327 469 2410 quidem
488 2336 600 2403 restat,
618 2336 654 2390 ut
675 2347 782 2408 sper0,
800 2326 989 2403 victoribus
1008 2326 1128 2409 quibus
1147 2336 1282 2389 senatus
1306 2327 1387 2389 fides

282 2433 525 2515 praestabitur;
550 2452 651 2514 quam
670 2433 827 2513 quoniam
848 2431 1039 2494 difficillimo
1063 2433 1110 2493 rei
1134 2431 1286 2512 publicae
1309 2441 1388 2494 tem-

283 2557 364 2618 pore
381 2536 488 2599 secuti
503 2545 590 2612 sunt,
607 2556 665 2599 eos
682 2556 862 2618 numquam
880 2536 1047 2618 oportebit
1065 2535 1192 2597 consilii
1212 2535 1262 2597 sui
1279 2536 1388 2617 paeni-

281 2651 362 2704 tere.
413 2640 479 2705 Sed
503 2641 602 2703 iacile
629 2650 681 2703 est
703 2640 789 2704 bene
817 2660 917 2721 agere
941 2660 1015 2703 curn
1039 2639 1078 2702 iis
1101 2661 1120 2702 a
1144 2640 1263 2721 quibus
1287 2641 1423 2715 etiamn

281 2745 474 2809 tacentibus
497 2744 639 2827 flagitari
662 2745 831 2821 videmur;
860 2745 942 2807 illud
969 2744 1195 2806 admirabilius
1223 2754 1255 2807 et
1283 2745 1388 2807 maius
1423 2792 1425 2796 Α

282 2851 493 2932 maximeque
506 2851 676 2931 proprium
690 2859 825 2912 senatus
842 2849 1002 2930 sapientis
1018 2859 1077 2924 est,
1092 2858 1187 2929 grata
1203 2869 1316 2912 eorum
1327 2851 1389 2911 vir-

281 2964 389 3018 tutem
407 2955 566 3018 memoria
581 2955 746 3036 prosequi,
764 2953 820 3036 qui
837 2974 896 3036 pro
913 2956 1021 3037 patria
1036 2953 1139 3017 vitam
1156 2954 1385 3035 profuderunt.

328 3059 482 3142 Quorum
492 3058 534 3121 de
544 3059 670 3122 honore
681 3061 807 3123 utinam
819 3059 899 3120 mihi
911 3060 1005 3140 plura
1015 3058 1048 3121 in
1059 3068 1205 3121 mentem
1216 3059 1387 3121 venirent!

284 3165 364 3227 Duo
381 3171 471 3227 certe
487 3183 554 3226 non
572 3162 768 3244 praeteribo,
787 3183 872 3245 quae
890 3162 1030 3226 maxime
1046 3172 1233 3238 occurrunt,
1248 3184 1425 3245 quorum20
1481 3151 1485 3160 ⁴

282 3267 424 3331 alterum
437 3268 582 3349 pertinet
591 3267 632 3329 ad
643 3268 786 3330 virorum
798 3268 1054 3330 fortissimorum
1066 3268 1204 3348 gloriam
1218 3269 1388 3348 sempiter-

282 3392 372 3447 nam,
384 3370 575 3434 alterumad
585 3370 775 3434 leniendum
785 3391 968 3436 maerorem
978 3373 1144 3435 etluctum
1153 3373 1386 3453 proximorum.

290 3624 356 3687 lee
370 3624 524 3688 Martian
540 3625 647 3706 legion
659 3624 807 3687 deserues
818 3624 942 3707 special
945 3625 1068 3707 praise.
1121 3626 1164 3688 To
1181 3626 1233 3688 tlte
1238 3626 1351 3707 fallen
1366 3647 1387 3688 a

460 3729 671 3812 magnificent
685 3738 875 3791 morzument
888 3728 979 3791 sltall
991 3729 1028 3791 be
1043 3731 1171 3792 erected.

329 3911 378 3955 12.
410 3892 523 3955 Placet
547 3891 647 3973 igitur
669 3893 758 3967 mibi,
784 3903 896 3973 patres
921 3893 1107 3975 conscripti,
1133 3892 1272 3974 legionis
1302 3893 1387 3955 Mar-

283 3997 348 4061 tiae
372 3995 534 4060 militibus
556 4006 590 4059 et
612 3996 651 4059 iis
676 3998 733 4078 qui
756 4017 822 4058 una
850 4007 1040 4078 pugnantes
1071 3996 1251 4060 occiderint
1275 4018 1388 4059 monu-
