3375 4775
537 639 547 665 s
595 571 751 622 ORATION
775 574 843 622 FOR
868 571 1079 623 MARCELLUS
1322 576 1384 641 209

324 747 422 830 Quae
446 746 580 829 quidem
604 767 666 827 ego
688 748 752 810 nisi
770 748 816 811 ita
837 769 961 829 magna
982 768 1056 835 esse
1079 748 1186 810 fatear
1211 756 1246 810 ut
1268 767 1308 810 ea
1330 747 1384 809 vix

276 854 476 934 cuiusquam
501 871 595 914 mens
619 863 676 915 aut
699 852 856 933 cogitatio
880 873 1000 934 capere
1024 854 1138 934 possit,
1164 872 1279 915 amens
1304 852 1383 926 sim;

277 957 338 1019 sed
362 966 475 1019 tamen
499 966 577 1018 sunt
599 956 663 1017 alia
686 958 819 1019 maiora.
869 958 957 1018 Nam
980 957 1116 1019 bellicas
1140 957 1254 1018 laudes
1278 955 1386 1018 solent

278 1061 415 1143 quidam
440 1070 619 1123 extenuare
643 1060 752 1123 verbis
777 1080 900 1143 easque
924 1061 1099 1124 detrahere
1126 1060 1274 1134 ducibus,
1300 1080 1385 1123 com-

277 1166 450 1228 municare
473 1185 550 1227 cum
572 1165 694 1239 multis,
712 1185 754 1228 ne
777 1166 932 1246 propriae
956 1166 1022 1228 sint
1044 1167 1292 1246 imperatorum.
1341 1164 1384 1226 Et
1409 1185 1419 1233 5

278 1279 370 1332 certe
386 1270 419 1332 in
436 1269 537 1332 armis
555 1269 694 1331 militum
711 1269 824 1345 virtus,
843 1270 989 1332 locorum
1006 1269 1248 1350 opportunitas,
1265 1267 1384 1330 auxilia

278 1375 454 1450 sociorum,
487 1375 620 1449 classes,
652 1384 857 1436 commeatus
888 1374 1029 1436 multum
1059 1375 1192 1448 iuvant,¹
1208 1373 1383 1435 maximam

277 1498 359 1541 vero
383 1488 513 1560 partem
531 1479 625 1561 quasi
642 1499 701 1541 suo
718 1478 788 1541 iure
811 1480 960 1541 Fortuna
985 1478 1046 1541 sibi
1069 1478 1215 1541 vindicat
1238 1486 1279 1554 et,
1298 1478 1385 1559 quic-

279 1582 359 1664 quid
376 1603 535 1664 prospere
551 1592 682 1663 gestum
699 1592 758 1659 est,
776 1583 809 1645 id
826 1603 933 1664 paene
950 1603 1048 1646 omne
1065 1582 1154 1646 ducit
1171 1602 1276 1644 suum.

324 1686 373 1748 At
395 1707 474 1749 vero
498 1686 596 1750 huius
619 1687 753 1768 gloriae,
779 1689 815 1751 C.
845 1688 978 1762 Caesar,
1000 1707 1099 1768 quam
1123 1707 1159 1749 es
1184 1687 1283 1768 paulo
1307 1695 1422 1747 antero

279 1790 431 1871 adeptuS,
449 1790 573 1853 socium
591 1791 694 1854 habes
711 1793 898 1866 neminem;
923 1801 1027 1853 totum
1045 1792 1118 1867 hoc,
1135 1800 1385 1872 quantumcum-

279 1915 345 1977 que
361 1904 421 1969 est,
439 1895 635 1976 quod'certe
651 1896 829 1957 maximum
847 1906 907 1969 est,
925 1905 1030 1958 totum
1048 1906 1107 1971 est,
1122 1896 1266 1976 inquam,
1280 1904 1382 1956 tuum.

281 1998 375 2061 Nihil
406 1998 468 2061 sibi
498 2019 540 2062 ex
568 2000 632 2062 ista
662 1999 759 2062 laude
790 2000 948 2075 centurio,
973 2000 1055 2061 nihil
1078 2000 1278 2081 praefectus,
1302 1996 1385 2060 nihil

280 2103 410 2177 cohorS,
435 2104 518 2165 nihil
541 2112 649 2166 turma
676 2103 842 2184 decerpit;
875 2105 954 2185 quin
978 2104 1078 2166 etiam
1102 2104 1157 2166 illa
1179 2104 1252 2184 ipsa
1275 2122 1384 2165 rerum

281 2209 503 2270 humanarum
534 2207 668 2270 domina
697 2208 846 2270 Fortuna
870 2208 904 2269 in
927 2207 1020 2271 istius
1045 2208 1236 2271 societatem
1261 2206 1421 2287 gloriae1s

280 2332 317 2375 se
341 2332 410 2375 non
433 2312 534 2375 offert
544 2333 552 2389 ;
590 2311 649 2374 tibi
679 2312 776 2389 cedit,
801 2321 891 2375 tuam
915 2332 989 2375 esse
1020 2321 1122 2375 totam
1154 2322 1187 2375 et
1218 2310 1385 2393 propriam

281 2417 416 2480 latetur.
465 2418 658 2499 Numquam
675 2419 763 2481 enim
780 2419 950 2481 temeritas
967 2438 1043 2480 cum
1056 2416 1220 2499 sapientia
1236 2414 1385 2480 commis-

281 2531 383 2597 cetur,
397 2541 507 2603 neque
523 2521 565 2584 ad
582 2522 755 2585 consilium
773 2542 870 2584 casus
886 2521 1079 2584 admittitur.

280 2772 394 2835 Never
406 2772 499 2834 shall
503 2793 593 2853 your
596 2772 729 2853 promes
743 2795 833 2835 cense
844 2794 967 2855 among
979 2795 1061 2849 men,
1075 2773 1132 2835 but
1138 2774 1386 2854 yourclemency

574 2876 650 2939 will
661 2898 739 2938 ever
752 2877 787 2938 be
795 2898 884 2958 your
895 2877 1094 2959 cltiefglory.

325 3058 355 3116 3.
387 3038 556 3102 Domuisti
586 3048 704 3120 gentes
735 3039 942 3102 immanitate
976 3038 1144 3114 barbaras,
1177 3039 1387 3102 multitudine

281 3143 551 3219 innumerabiles
569 3144 650 3206 locis
673 3144 828 3220 infinitas
847 3145 936 3206 omni
958 3144 1126 3225 copiarum
1147 3164 1270 3224 genere
1286 3144 1423 3206 abun-20

280 3248 419 3323 dantes;
445 3248 503 3310 sed
515 3258 628 3310 tamen
641 3268 680 3310 ea
691 3247 799 3311 vicisti
811 3269 896 3329 quae
907 3259 940 3311 et
950 3257 1102 3310 naturam
1113 3258 1146 3310 et
1159 3249 1385 3310 condicionem

281 3362 318 3415 ut
332 3352 423 3415 vinci
440 3361 578 3433 possent
594 3352 771 3416 habebant.
820 3353 922 3414 Nulla
938 3363 989 3415 est
1012 3353 1098 3416 enim
1117 3361 1210 3415 tanta
1226 3351 1284 3427 vis,
1302 3371 1386 3433 quae

280 3477 349 3519 non
373 3457 465 3519 ferro
488 3465 521 3519 et
543 3455 668 3520 viribus
685 3457 848 3520 debilitari
863 3457 1041 3538 frangique
1065 3458 1179 3538 possit.
1226 3457 1385 3519 Animum

281 3562 425 3637 vincere,
443 3560 647 3624 iracundiam
670 3562 832 3636 cohibere,
851 3561 1008 3624 victoriae
1024 3571 1220 3642 temperare,
1237 3561 1388 3622 adversa-

282 3666 366 3728 rium
399 3663 582 3740 nobilitate,
614 3667 757 3745 ingenio,
789 3665 911 3727 virtute
935 3675 1159 3745 praestantem
1192 3685 1257 3726 non
1289 3663 1423 3737 mod025

281 3770 441 3833 extollere
472 3771 645 3845 iacentem,
669 3770 728 3832 sed
758 3769 858 3832 etiam
883 3770 1085 3850 amplificare
1112 3769 1182 3832 eius
1213 3769 1386 3849 pristinam

281 3873 492 3956 dignitatem,
510 3875 591 3937 haec
614 3873 670 3955 qui
690 3873 778 3948 facit,
797 3894 864 3935 non
890 3893 952 3953 ego
970 3893 1045 3935 eum
1065 3893 1139 3935 cum
1157 3871 1293 3935 summis
1309 3872 1387 3933 viris

281 3997 451 4062 comparo,
469 3978 528 4040 sed
544 3977 745 4040 simillimum
762 3979 825 4040 deo
841 3978 959 4040 iudico

449 4089 600 4137 nanxuass’
618 4100 754 4136 creano-
765 4101 796 4152 14
