3375 4775
626 600 784 650 oRArroN
808 600 876 648 Fon
900 598 1067 649 brennius
1337 604 1398 667 233

298 774 395 840 runt?
442 774 527 858 Quis
558 784 610 839 est
639 774 695 857 qui
723 775 840 837 horum
869 793 1068 837 consensum
1092 773 1339 855 conspirantem
1366 784 1401 838 et

297 900 403 961 paene
421 879 601 942 conflatum
617 878 651 941 in
668 880 730 941 hac
747 898 852 960 prope
871 878 1070 960 aequalitate
1092 878 1240 940 fraterna
1261 878 1397 955 noverit,

297 984 351 1068 qui
368 985 433 1048 hoc
449 1004 516 1047 non
533 982 664 1058 sentiat,
682 983 811 1065 quidvis
834 981 925 1062 prius
949 983 1098 1044 futurum
1122 981 1226 1044 fuisse
1248 1002 1346 1063 quam
1364 992 1399 1046 ut

296 1090 330 1151 hi
360 1089 482 1153 iratres
514 1088 662 1150 diversas
696 1086 878 1150 sententias
910 1087 1127 1167 fortunasque
1159 1088 1398 1167 sequerentur?

296 1194 479 1258 Voluntate
494 1194 595 1275 igitur
611 1212 728 1255 omnes
744 1201 854 1254 tecum
867 1192 1011 1265 fuerunt,
1025 1199 1224 1271 tempestate
1241 1190 1398 1271 abreptus
1423 1214 1434 1262 5

296 1308 345 1361 est
373 1318 479 1375 unus;
503 1298 560 1380 qui
587 1297 615 1360 si
640 1296 776 1360 consilio
801 1296 835 1358 id
861 1295 1005 1370 fecisset,
1023 1304 1112 1357 esset
1134 1314 1248 1357 eorum
1272 1295 1397 1371 similiS,

296 1422 379 1486 quos
400 1411 569 1465 tutamen
590 1401 701 1464 salvos
724 1420 797 1463 esse
819 1400 962 1462 voluisti.
1011 1399 1077 1472 Sed
1100 1398 1176 1462 ierit
1199 1399 1241 1461 ad
1264 1397 1396 1477 bellum,

295 1507 490 1570 dissenserit
510 1526 578 1569 non
596 1526 616 1567 a
634 1514 668 1568 te
687 1505 803 1581 solum,
821 1523 936 1567 verum
960 1503 1059 1567 etiam
1076 1524 1096 1565 a
1111 1504 1288 1580 fratribus;
1312 1504 1346 1566 hi
1366 1514 1398 1568 te

295 1621 391 1674 orant
406 1612 463 1674 tui.
512 1611 678 1693 Equidem
695 1630 771 1673 cum
787 1610 852 1673 tuis
869 1610 1024 1672 omnibus
1037 1608 1178 1689 negotiis
1191 1608 1396 1687 interessem,

295 1715 454 1779 memoria
475 1724 573 1778 teneo
593 1715 700 1797 qualis
715 1715 756 1776 T.
778 1714 932 1794 Ligarius
948 1724 1106 1796 quaestor
1127 1714 1274 1778 urbanus
1297 1715 1398 1778 fuerit
1409 1737 1436 1770 10

294 1840 374 1902 erga
397 1829 431 1883 te
454 1829 488 1883 et
510 1820 707 1901 dignitatem
730 1828 832 1882 tuam.
881 1818 948 1882 Sed
968 1839 1086 1901 parum
1108 1829 1159 1882 est
1177 1840 1231 1882 me
1248 1820 1310 1883 hoc
1335 1840 1399 1882 me-

294 1924 449 2001 minisse;
467 1943 565 2005 spero
581 1924 680 1987 etiam
694 1933 736 2000 te,
751 1925 807 2005 qui
819 1923 968 1986 oblivisci
981 1923 1061 1985 nihil
1077 1925 1163 1987 soles
1176 1923 1239 1986 nisi
1251 1923 1396 2000 iniurias

294 2030 449 2111 quoniam
476 2029 538 2092 hoc
560 2038 611 2092 est
631 2028 741 2103 animi,
766 2029 923 2110 quoniam
948 2028 1047 2091 etiam
1072 2028 1197 2109 ingenii
1220 2029 1277 2103 tui,
1294 2038 1327 2091 te
1344 2028 1398 2089 ali-

293 2134 432 2215 quidde
451 2134 549 2195 huius
571 2133 627 2196 illo
647 2133 834 2215 quaestorio
851 2132 959 2195 officio
982 2132 1082 2195 etiam
1106 2133 1148 2195 de
1172 2132 1243 2195 aliis
1267 2132 1398 2213 quibus-

293 2238 370 2299 dam
387 2238 619 2319 quaestoribus
635 2237 903 2300 reminiscentem
924 2236 1099 2300 recordari.
1149 2236 1214 2299 Hic
1232 2236 1333 2317 igitur
1357 2237 1395 2298 T.
1408 2264 1432 2312 ¹5

295 2342 460 2424 Ligarius,
478 2342 620 2425 quitum
643 2341 726 2405 nihil
744 2343 813 2424 egit
832 2326 1092 2424 aliud—neque
1108 2340 1196 2405 enim
1221 2340 1303 2404 haec
1319 2340 1398 2403 divi-

294 2446 523 2509 nabat—nisi
546 2456 582 2509 ut
605 2446 654 2509 tui
674 2467 750 2510 eum
775 2447 959 2509 studiosum
984 2456 1018 2510 et
1038 2447 1160 2509 bonum
1186 2447 1292 2507 virum
1317 2446 1396 2508 iudi-

293 2570 397 2627 cares,
422 2571 510 2613 nunc
541 2571 561 2614 a
591 2560 624 2613 te
656 2551 798 2632 supplex
828 2551 941 2614 fratris
973 2552 1114 2614 salutem
1146 2550 1235 2632 petit.
1285 2551 1395 2632 Quam

293 2654 391 2716 huius
409 2654 598 2717 admonitus
614 2655 721 2719 officio
743 2675 819 2718 cum
838 2655 986 2737 utrisque
1010 2655 1061 2718 bis
1085 2655 1225 2728 dederis
1243 2664 1310 2717 tres
1333 2655 1396 2716 fra-

293 2769 360 2821 tres
383 2760 527 2840 optimos
552 2769 584 2822 et
607 2759 841 2840 integerrimos
865 2779 933 2822 non
956 2760 1062 2822 solum
1087 2759 1149 2822 sibi
1172 2759 1263 2839 ipsos
1287 2778 1396 2839 neque
1406 2787 1434 2819 20

294 2862 344 2925 his
357 2872 408 2926 tot
419 2883 458 2926 ac
470 2863 591 2926 talibus
603 2864 682 2925 viris
695 2883 803 2945 neque
816 2863 911 2926 nobis
924 2863 1120 2926 necessariis
1136 2862 1210 2939 tuis,
1225 2863 1282 2925 sed
1296 2862 1395 2925 etiam

293 2968 340 3030 rei
356 2966 510 3047 publicae
526 2968 776 3031 condonaveris.

709 3188 921 3261 Panonnrro,
943 3203 980 3248 12

302 3341 369 3404 Yau
395 3343 532 3423 racently
548 3341 724 3424 pardaned
742 3341 946 3417 Marcellus;
972 3361 1046 3403 nara
1065 3340 1195 3422 pardan
1223 3338 1393 3422 Ligarius.

337 3446 449 3508 Never
470 3446 544 3508 does
567 3466 645 3509 man
668 3446 764 3507 make
778 3466 799 3507 a
819 3465 937 3507 nearer
956 3445 1113 3526 approach
1137 3454 1168 3506 ta
1187 3443 1239 3506 tlte
1258 3443 1396 3506 lileeness

337 3552 379 3633 af
394 3550 448 3613 tlte
465 3550 550 3633 gods
573 3549 653 3612 than
678 3549 712 3612 in
730 3549 858 3632 giving
876 3551 983 3630 safety
1006 3558 1036 3611 to
1058 3548 1112 3611 la's
1125 3548 1342 3631 fallare-man.

339 3705 408 3768 Fae
424 3705 533 3785 igitur,
551 3705 639 3787 quod
658 3706 700 3769 de
721 3706 855 3768 homine
871 3703 1076 3768 nobilissimo
1092 3714 1125 3767 et
1144 3703 1326 3768 clarissimo
1349 3705 1395 3766 fe·

294 3810 366 3873 cisti
382 3829 492 3892 nuper
509 3810 543 3872 in
563 3812 661 3886 curia,
678 3830 767 3872 nunc
786 3811 874 3872 idem
890 3811 925 3871 in
942 3810 1015 3871 foro
1039 3810 1081 3872 de
1104 3808 1238 3889 optimis
1262 3817 1295 3870 et
1317 3807 1394 3871 huic

295 3915 382 3977 omni
410 3915 620 3994 frequentiae
643 3912 885 3995 probatissimis
912 3913 1080 3975 fratribus.
1127 3913 1177 3977 Ut
1201 3913 1395 3975 concessisti
1404 3943 1430 3991 25

293 4019 385 4083 illum
402 4018 544 4092 senatui,
561 4019 608 4081 sic
626 4019 669 4080 da
690 4018 779 4081 hune
802 4018 937 4102 populo,
955 4016 1048 4079 cuius
1070 4015 1275 4078 voluntatem
1299 4018 1396 4079 caris·
