3375 4775
574 567 730 627 ORATION
754 569 823 619 FOR
847 565 1059 622 MARCELLUS'
1155 586 1159 591 ·
1298 579 1357 625 211

258 740 315 805 die
331 740 446 823 magis,
458 740 505 804 ita
517 752 562 817 ut,
573 750 733 823 quantum
747 744 811 805 tuis
823 743 978 823 operibus
989 744 1187 808 diuturnitas
1199 746 1361 821 detrahet,

258 853 392 907 tantum
404 844 534 907 adferat
547 843 707 907 laudibus,
756 846 800 907 Et
810 854 938 909 ceteros
951 846 1083 928 quidem
1095 868 1210 911 omnes
1220 850 1362 913 victores

258 947 423 1011 bellorum
434 947 576 1010 civilium
591 947 655 1011 iam
666 958 744 1011 ante
757 950 924 1032 aequitate
936 959 970 1013 et
983 951 1208 1014 misericordia
1221 952 1361 1030 viceras;

260 1051 423 1114 hodierno
444 1071 523 1114 vero
543 1051 596 1114 die
613 1062 647 1114 te
674 1053 783 1132 ipsum
806 1053 922 1116 vicisti.
969 1054 1096 1117 Vereor
1119 1065 1155 1118 ut
1178 1057 1250 1131 hoc,
1275 1056 1363 1139 quod

261 1155 381 1231 dicam,
398 1154 537 1237 perinde
552 1155 701 1237 intellegi
716 1157 821 1238 possit
839 1156 987 1218 auditum
1006 1165 1105 1237 atque
1124 1154 1196 1236 ipse
1213 1158 1365 1237 cogitans
1386 1183 1398 1232 ς

261 1260 389 1335 seutio;
413 1260 520 1339 ipsam
543 1249 713 1322 victoriam
736 1259 856 1323 vicisse
878 1260 1010 1335 videris,
1035 1281 1109 1323 cum
1134 1282 1174 1324 ea
1201 1282 1285 1343 quae
1308 1262 1364 1324 illa

260 1371 335 1425 erat
350 1363 472 1444 adepta
487 1362 582 1426 vietis
597 1362 761 1426 remisisti.
810 1364 897 1426 Nam
911 1383 985 1426 cum
999 1364 1103 1445 ipsius
1116 1364 1273 1428 victoriae
1290 1385 1364 1427 con-

262 1466 394 1531 dicione
414 1487 532 1530 omnes
554 1466 632 1530 vieti
654 1467 899 1544 occidissemus,
918 1469 1113 1531 clementiae
1136 1479 1213 1531 tuae
1244 1470 1364 1532 iudicio

261 1572 452 1634 conservati
475 1592 597 1634 sumus.
646 1573 750 1635 Recte
773 1573 874 1653 igitur
896 1592 982 1634 unus
1006 1573 1147 1635 invictus
1171 1593 1216 1649 es,
1249 1592 1268 1634 a
1299 1593 1364 1655 quo

262 1673 363 1738 etiam
379 1675 484 1757 ipsius
500 1676 657 1739 victoriae
666 1676 816 1739 condicio
831 1675 946 1757 visque
963 1675 1092 1739 devicta
1108 1686 1167 1739 est.
1375 1702 1402 1734 10

269 1925 301 1989 Τ
296 1926 337 1988 lte
350 1926 481 2008 pardon
497 1927 537 2007 of
550 1926 729 1989 Marcellus
751 1926 861 1988 slzows
879 1926 954 1989 how
970 1947 1129 2008 gerzeroos
1156 1925 1278 1991 Caesar
1290 1927 1319 1990 is
1335 1937 1366 1990 to

375 2029 463 2093 those
478 2030 550 2092 wlzo
565 2050 648 2093 were
662 2051 697 2092 so
712 2030 848 2112 recently
864 2030 898 2093 in
914 2052 1004 2093 arans
1018 2031 1155 2113 against
1166 2031 1246 2093 tim.

310 2210 340 2272 5.
373 2193 488 2275 Atque
511 2193 574 2256 hoc
598 2194 635 2258 C.
660 2192 813 2258 Caesaris
844 2193 1010 2268 iudicium,
1037 2203 1147 2274 patres
1179 2193 1366 2274 conscripti,

265 2317 368 2380 quam
385 2296 450 2359 late
467 2306 580 2378 pateat
600 2297 770 2360 attendite.
819 2297 946 2361 Omnes
963 2297 1060 2372 enim,
1079 2297 1135 2378 qui
1151 2297 1192 2359 ad
1205 2296 1260 2358 illa
1277 2318 1368 2359 arma

265 2403 339 2464 fato
370 2421 485 2464 sumus
516 2403 629 2465 nescio
660 2422 726 2484 quo
757 2401 804 2464 rei
836 2402 988 2483 publicae
1017 2404 1136 2464 misero
1168 2402 1368 2483 funestoque

266 2505 441 2586 compulsi,
459 2505 522 2568 etsi
537 2504 648 2587 aliqua
664 2506 762 2586 eulpa
778 2515 931 2568 tenemur
947 2505 1067 2569 erroris
1084 2506 1229 2581 humani,
1245 2507 1369 2568 scelere

266 2619 359 2674 certe
389 2609 519 2672 liberati
549 2629 672 2672 sumus.
725 2609 813 2671 Nam
844 2629 921 2672 cum
954 2611 1000 2672 M.
1028 2610 1224 2671 Marcellum
1256 2610 1404 2690 depre-15

267 2713 422 2777 cantibus
438 2712 532 2775 vobis
548 2714 595 2776 rei
617 2711 770 2794 publicae
792 2714 1010 2787 conservavit,
1028 2733 1081 2776 me
1097 2723 1130 2775 et
1147 2713 1226 2774 mihi
1242 2723 1275 2775 et
1291 2713 1369 2774 item

267 2817 316 2881 rei
339 2816 493 2899 publicae
515 2817 607 2880 nullo
634 2817 845 2898 deprecante,
865 2817 1009 2898 reliquos
1036 2816 1258 2897 amplissimos
1281 2815 1369 2878 viros

267 2931 303 2984 et
326 2920 389 2984 sibi
412 2919 503 3003 ipsos
526 2930 559 2984 et
578 2921 705 3003 patriae
723 2920 874 2994 reddidit,
893 2940 1032 3002 quorum
1050 2929 1084 2983 et
1099 2921 1320 3001 frequentiam
1337 2928 1371 2982 et

268 3026 468 3107 dignitatem
492 3025 555 3087 hoc
578 3024 651 3106 ipso
674 3026 709 3087 in
733 3044 892 3088 consessu
915 3024 1043 3087 videtis.
1093 3025 1170 3085 Non
1188 3023 1241 3085 ille
1259 3024 1370 3085 hostes

267 3129 401 3192 induxit
426 3129 460 3191 in
484 3130 618 3205 curiam,
642 3129 700 3192 sed
727 3129 886 3191 iudicavit
917 3147 936 3190 a
967 3128 1132 3209 plerisque
1164 3126 1370 3207 ignoratione
1380 3159 1408 3191 ιο

268 3234 383 3315 potius
407 3241 441 3296 et
463 3231 549 3296 falso
570 3241 670 3315 atque
685 3232 776 3294 inani
792 3241 883 3295 metu
900 3252 999 3314 quam
1016 3231 1196 3312 eupiditate
1220 3239 1276 3292 aut
1303 3250 1372 3292 cru·

269 3335 408 3400 delitate
423 3336 547 3399 bellum
564 3356 638 3400 esse
654 3347 855 3417 susceptum.
876 3395 879 3401 .

315 3440 394 3522 Quo
417 3441 550 3521 quidem
574 3441 608 3502 in
630 3438 719 3503 bello
738 3459 871 3521 semper
883 3440 924 3502 de
942 3459 1024 3520 paee
1041 3437 1239 3500 audiendum
1258 3437 1372 3517 putavi

271 3563 472 3626 semperque
494 3543 584 3607 dolui
607 3564 674 3606 non
700 3544 798 3606 modo
823 3563 951 3623 pacem,
976 3542 1158 3606 sedetiam
1189 3542 1371 3604 orationem

270 3647 393 3711 civium
407 3667 524 3729 pacem
537 3647 756 3729 flagitantium
773 3647 949 3728 repudiari.
999 3647 1118 3728 Neque
1133 3644 1221 3708 enim
1238 3664 1302 3724 ego
1318 3644 1372 3704 illa
1382 3673 1408 3722 ²5

271 3770 335 3814 nec
351 3749 419 3812 ulla
435 3771 591 3833 umquam
607 3760 740 3814 secutus
757 3771 829 3813 sum
847 3771 938 3813 arma
955 3749 1070 3824 civilia,
1085 3767 1282 3829 semperque
1299 3765 1373 3807 mea

272 3854 411 3917 consilia
427 3856 519 3936 pacis
535 3864 568 3918 et
583 3864 682 3936 togae
699 3854 796 3929 socia,
814 3874 881 3916 non
902 3854 980 3916 belli
1002 3863 1100 3934 atque
1122 3870 1287 3914 armorum
1304 3850 1374 3910 fue-

273 3967 361 4022 runt.
408 3959 590 4022 Hominem
607 3978 680 4023 sum
702 3967 835 4022 secutus
856 3959 985 4040 privato
1008 3955 1124 4031 officio,
1142 3974 1209 4017 non
1229 3952 1389 4035 publico„
