<?xml version="1.0" encoding="UTF-8"?>
<!DOCTYPE html PUBLIC "-//W3C//DTD XHTML 1.0 Transitional//EN"
    "http://www.w3.org/TR/xhtml1/DTD/xhtml1-transitional.dtd">
<html xmlns="http://www.w3.org/1999/xhtml" xml:lang="en" lang="en">
 <head>
  <title>
</title>
<meta http-equiv="Content-Type" content="text/html;charset=utf-8" />
  <meta name='ocr-system' content='tesseract 3.04.00' />
  <meta name='ocr-capabilities' content='ocr_page ocr_carea ocr_par ocr_line ocrx_word'/>
</head>
<body>
  <div class='ocr_page' id='page_1' title='image "./nineorationscic00cicegoog/nineorationscic00cicegoog_0250.png"; bbox 0 0 3375 4775; ppageno 0'>
   <div class='ocr_carea' id='block_1_1' title="bbox 345 618 1092 690">
    <p class='ocr_par' dir='ltr' id='par_1_1' title="bbox 345 618 1092 690">
     <span class='ocr_line' id='line_1_1' title="bbox 345 618 1092 690; baseline -0.008 -15"><span class='ocrx_word' id='word_1_1' title='bbox 345 627 409 690; x_wconf 86' lang='lat'>230</span> <span class='ocrx_word' id='word_1_2' title='bbox 698 619 874 670; x_wconf 70' lang='lat' dir='ltr'>onnrrons</span> <span class='ocrx_word' id='word_1_3' title='bbox 897 619 943 669; x_wconf 80' lang='lat' dir='ltr'>or</span> <span class='ocrx_word' id='word_1_4' title='bbox 965 618 1092 669; x_wconf 77' lang='lat' dir='ltr'>cronno</span> 
     </span>
    </p>
   </div>
   <div class='ocr_carea' id='block_1_2' title="bbox 305 792 1447 3063">
    <p class='ocr_par' dir='ltr' id='par_1_2' title="bbox 305 792 1447 3063">
     <span class='ocr_line' id='line_1_2' title="bbox 343 792 1444 876; baseline -0.004 -17"><span class='ocrx_word' id='word_1_5' title='bbox 343 795 494 859; x_wconf 89' lang='lat' dir='ltr'>consulto</span> <span class='ocrx_word' id='word_1_6' title='bbox 522 794 555 857; x_wconf 93' lang='lat' dir='ltr'>in</span> <span class='ocrx_word' id='word_1_7' title='bbox 588 794 791 876; x_wconf 89' lang='lat' dir='ltr'>provinciam</span> <span class='ocrx_word' id='word_1_8' title='bbox 823 814 917 857; x_wconf 91' lang='lat' dir='ltr'>suam</span> <span class='ocrx_word' id='word_1_9' title='bbox 945 802 1092 856; x_wconf 87' lang='lat' dir='ltr'>venerat.</span> <span class='ocrx_word' id='word_1_10' title='bbox 1141 792 1233 856; x_wconf 92' lang='lat' dir='ltr'>Hinc</span> <span class='ocrx_word' id='word_1_11' title='bbox 1265 792 1444 875; x_wconf 92' lang='lat' dir='ltr'>prohibitus</span> 
     </span>
     <span class='ocr_line' id='line_1_3' title="bbox 343 897 1445 974; baseline -0.003 -12"><span class='ocrx_word' id='word_1_12' title='bbox 343 921 409 963; x_wconf 94' lang='lat' dir='ltr'>non</span> <span class='ocrx_word' id='word_1_13' title='bbox 430 899 472 963; x_wconf 91' lang='lat' dir='ltr'>ad</span> <span class='ocrx_word' id='word_1_14' title='bbox 494 899 684 974; x_wconf 82' lang='lat' dir='ltr'>Caesarem,</span> <span class='ocrx_word' id='word_1_15' title='bbox 701 919 743 961; x_wconf 93' lang='lat' dir='ltr'>ne</span> <span class='ocrx_word' id='word_1_16' title='bbox 764 900 877 973; x_wconf 91' lang='lat' dir='ltr'>iratus,</span> <span class='ocrx_word' id='word_1_17' title='bbox 898 919 965 961; x_wconf 93' lang='lat' dir='ltr'>non</span> <span class='ocrx_word' id='word_1_18' title='bbox 986 898 1131 973; x_wconf 90' lang='lat' dir='ltr'>domum,</span> <span class='ocrx_word' id='word_1_19' title='bbox 1149 917 1192 960; x_wconf 91' lang='lat' dir='ltr'>ne</span> <span class='ocrx_word' id='word_1_20' title='bbox 1213 897 1312 972; x_wconf 77' lang='lat' dir='ltr'>inerS,</span> <span class='ocrx_word' id='word_1_21' title='bbox 1330 918 1398 961; x_wconf 92' lang='lat' dir='ltr'>non</span> <span class='ocrx_word' id='word_1_22' title='bbox 1415 897 1445 959; x_wconf 94' lang='lat' dir='ltr'>in</span> 
     </span>
     <span class='ocr_line' id='line_1_4' title="bbox 343 1002 1446 1086; baseline -0.003 -19"><span class='ocrx_word' id='word_1_23' title='bbox 343 1006 487 1086; x_wconf 85' lang='lat' dir='ltr'>aliquam</span> <span class='ocrx_word' id='word_1_24' title='bbox 520 1004 699 1084; x_wconf 86' lang='lat' dir='ltr'><strong>regionem,</strong></span> <span class='ocrx_word' id='word_1_25' title='bbox 731 1023 774 1065; x_wconf 93' lang='lat' dir='ltr'>ne</span> <span class='ocrx_word' id='word_1_26' title='bbox 805 1003 1028 1065; x_wconf 89' lang='lat' dir='ltr'>condemnare</span> <span class='ocrx_word' id='word_1_27' title='bbox 1059 1021 1194 1064; x_wconf 90' lang='lat' dir='ltr'>causam</span> <span class='ocrx_word' id='word_1_28' title='bbox 1225 1002 1317 1064; x_wconf 89' lang='lat' dir='ltr'>illam</span> <span class='ocrx_word' id='word_1_29' title='bbox 1350 1022 1446 1083; x_wconf 93' lang='lat' dir='ltr'>quam</span> 
     </span>
     <span class='ocr_line' id='line_1_5' title="bbox 343 1105 1447 1186; baseline -0.005 -14"><span class='ocrx_word' id='word_1_30' title='bbox 343 1118 476 1172; x_wconf 91' lang='lat' dir='ltr'>secutus</span> <span class='ocrx_word' id='word_1_31' title='bbox 502 1117 574 1171; x_wconf 90' lang='lat' dir='ltr'>erat</span> <span class='ocrx_word' id='word_1_32' title='bbox 599 1107 784 1182; x_wconf 89' lang='lat' dir='ltr'>videretur;</span> <span class='ocrx_word' id='word_1_33' title='bbox 820 1106 854 1168; x_wconf 92' lang='lat' dir='ltr'>in</span> <span class='ocrx_word' id='word_1_34' title='bbox 887 1106 1119 1169; x_wconf 89' lang='lat' dir='ltr'>Macedoniam</span> <span class='ocrx_word' id='word_1_35' title='bbox 1146 1105 1188 1166; x_wconf 90' lang='lat' dir='ltr'>ad</span> <span class='ocrx_word' id='word_1_36' title='bbox 1220 1105 1282 1169; x_wconf 89' lang='lat' dir='ltr'>Cn.</span> <span class='ocrx_word' id='word_1_37' title='bbox 1313 1106 1447 1186; x_wconf 87' lang='lat' dir='ltr'>Pompei</span> 
     </span>
     <span class='ocr_line' id='line_1_6' title="bbox 321 1208 1447 1293; baseline -0.004 -17"><span class='ocrx_word' id='word_1_38' title='bbox 321 1223 451 1288; x_wconf 72' lang='lat' dir='ltr'>scastra</span> <span class='ocrx_word' id='word_1_39' title='bbox 477 1213 568 1275; x_wconf 90' lang='lat' dir='ltr'>venit</span> <span class='ocrx_word' id='word_1_40' title='bbox 599 1210 632 1273; x_wconf 93' lang='lat' dir='ltr'>in</span> <span class='ocrx_word' id='word_1_41' title='bbox 660 1230 732 1273; x_wconf 89' lang='lat' dir='ltr'>eam</span> <span class='ocrx_word' id='word_1_42' title='bbox 765 1210 871 1293; x_wconf 84' lang='lat' dir='ltr'>ipsam</span> <span class='ocrx_word' id='word_1_43' title='bbox 903 1230 1037 1273; x_wconf 91' lang='lat' dir='ltr'>causam</span> <span class='ocrx_word' id='word_1_44' title='bbox 1066 1230 1086 1271; x_wconf 88' lang='lat' dir='ltr'>a</span> <span class='ocrx_word' id='word_1_45' title='bbox 1112 1228 1178 1292; x_wconf 90' lang='lat' dir='ltr'>qua</span> <span class='ocrx_word' id='word_1_46' title='bbox 1205 1218 1277 1272; x_wconf 90' lang='lat' dir='ltr'>erat</span> <span class='ocrx_word' id='word_1_47' title='bbox 1307 1208 1447 1272; x_wconf 90' lang='lat' dir='ltr'>reiectus</span> 
     </span>
     <span class='ocr_line' id='line_1_7' title="bbox 342 1315 1447 1397; baseline -0.002 -18"><span class='ocrx_word' id='word_1_48' title='bbox 342 1318 470 1380; x_wconf 92' lang='lat' dir='ltr'>iniuria.</span> <span class='ocrx_word' id='word_1_49' title='bbox 518 1315 631 1397; x_wconf 87' lang='lat' dir='ltr'>Quid?</span> <span class='ocrx_word' id='word_1_50' title='bbox 677 1316 762 1379; x_wconf 95' lang='lat' dir='ltr'>Cum</span> <span class='ocrx_word' id='word_1_51' title='bbox 778 1316 842 1378; x_wconf 92' lang='lat' dir='ltr'>ista</span> <span class='ocrx_word' id='word_1_52' title='bbox 859 1335 910 1378; x_wconf 91' lang='lat' dir='ltr'>res</span> <span class='ocrx_word' id='word_1_53' title='bbox 928 1316 1010 1379; x_wconf 86' lang='lat' dir='ltr'>nihil</span> <span class='ocrx_word' id='word_1_54' title='bbox 1031 1318 1265 1380; x_wconf 85' lang='lat' dir='ltr'>commovisset</span> <span class='ocrx_word' id='word_1_55' title='bbox 1288 1315 1360 1378; x_wconf 90' lang='lat' dir='ltr'>eius</span> <span class='ocrx_word' id='word_1_56' title='bbox 1384 1317 1447 1377; x_wconf 90' lang='lat' dir='ltr'>ani·</span> 
     </span>
     <span class='ocr_line' id='line_1_8' title="bbox 343 1420 1447 1503; baseline -0.001 -20"><span class='ocrx_word' id='word_1_57' title='bbox 343 1442 433 1484; x_wconf 94' lang='lat' dir='ltr'>mum</span> <span class='ocrx_word' id='word_1_58' title='bbox 450 1422 492 1484; x_wconf 93' lang='lat' dir='ltr'>ad</span> <span class='ocrx_word' id='word_1_59' title='bbox 509 1440 608 1503; x_wconf 93' lang='lat' dir='ltr'>quem</span> <span class='ocrx_word' id='word_1_60' title='bbox 624 1420 799 1494; x_wconf 73' lang='lat' dir='ltr'>veneratis</span> <span class='ocrx_word' id='word_1_61' title='bbox 817 1420 1034 1500; x_wconf 83' lang='lat' dir='ltr'>languidiore,</span> <span class='ocrx_word' id='word_1_62' title='bbox 1048 1421 1156 1495; x_wconf 77' lang='lat' dir='ltr'>credo,</span> <span class='ocrx_word' id='word_1_63' title='bbox 1171 1421 1281 1483; x_wconf 90' lang='lat' dir='ltr'>studio</span> <span class='ocrx_word' id='word_1_64' title='bbox 1297 1421 1332 1483; x_wconf 91' lang='lat' dir='ltr'>in</span> <span class='ocrx_word' id='word_1_65' title='bbox 1349 1440 1447 1483; x_wconf 88' lang='lat' dir='ltr'>causa</span> 
     </span>
     <span class='ocr_line' id='line_1_9' title="bbox 342 1516 1447 1605; baseline -0.002 -17"><span class='ocrx_word' id='word_1_66' title='bbox 342 1516 470 1602; x_wconf 81' lang='lat' dir='ltr'>fuistis3</span> <span class='ocrx_word' id='word_1_67' title='bbox 502 1534 631 1587; x_wconf 91' lang='lat' dir='ltr'>tantum</span> <span class='ocrx_word' id='word_1_68' title='bbox 659 1524 758 1587; x_wconf 94' lang='lat' dir='ltr'>modo</span> <span class='ocrx_word' id='word_1_69' title='bbox 789 1524 822 1585; x_wconf 91' lang='lat' dir='ltr'>in</span> <span class='ocrx_word' id='word_1_70' title='bbox 854 1524 1026 1605; x_wconf 86' lang='lat' dir='ltr'>praesidiis</span> <span class='ocrx_word' id='word_1_71' title='bbox 1057 1525 1165 1601; x_wconf 78' lang='lat' dir='ltr'>eratiS,</span> <span class='ocrx_word' id='word_1_72' title='bbox 1193 1525 1297 1587; x_wconf 88' lang='lat' dir='ltr'>animi</span> <span class='ocrx_word' id='word_1_73' title='bbox 1323 1532 1447 1588; x_wconf 88' lang='lat' dir='ltr'>vero&#39;a</span> 
     </span>
     <span class='ocr_line' id='line_1_10' title="bbox 343 1628 1446 1704; baseline -0.002 -12"><span class='ocrx_word' id='word_1_74' title='bbox 343 1650 443 1693; x_wconf 90' lang='lat' dir='ltr'>causa</span> <span class='ocrx_word' id='word_1_75' title='bbox 467 1628 709 1704; x_wconf 89' lang='lat' dir='ltr'>abhorrebant;</span> <span class='ocrx_word' id='word_1_76' title='bbox 741 1648 794 1703; x_wconf 93' lang='lat' dir='ltr'>an,</span> <span class='ocrx_word' id='word_1_77' title='bbox 818 1637 855 1689; x_wconf 93' lang='lat' dir='ltr'>ut</span> <span class='ocrx_word' id='word_1_78' title='bbox 879 1628 915 1690; x_wconf 87' lang='lat' dir='ltr'>fit</span> <span class='ocrx_word' id='word_1_79' title='bbox 937 1629 972 1689; x_wconf 91' lang='lat' dir='ltr'>in</span> <span class='ocrx_word' id='word_1_80' title='bbox 996 1629 1146 1691; x_wconf 90' lang='lat' dir='ltr'>civilibus</span> <span class='ocrx_word' id='word_1_81' title='bbox 1169 1628 1392 1692; x_wconf 91' lang='lat' dir='ltr'>bellis—nec</span> <span class='ocrx_word' id='word_1_82' title='bbox 1415 1628 1446 1690; x_wconf 94' lang='lat' dir='ltr'>in</span> 
     </span>
     <span class='ocr_line' id='line_1_11' title="bbox 307 1732 1446 1814; baseline 0.003 -23"><span class='ocrx_word' id='word_1_83' title='bbox 307 1734 436 1797; x_wconf 73' lang='lat' dir='ltr'>rovobis</span> <span class='ocrx_word' id='word_1_84' title='bbox 458 1733 564 1813; x_wconf 92' lang='lat' dir='ltr'>magis</span> <span class='ocrx_word' id='word_1_85' title='bbox 586 1752 685 1814; x_wconf 89' lang='lat' dir='ltr'>quam</span> <span class='ocrx_word' id='word_1_86' title='bbox 703 1733 737 1793; x_wconf 94' lang='lat' dir='ltr'>in</span> <span class='ocrx_word' id='word_1_87' title='bbox 757 1732 901 1813; x_wconf 87' lang='lat' dir='ltr'>reliquis,</span> <span class='ocrx_word' id='word_1_88' title='bbox 920 1752 1036 1795; x_wconf 88' lang='lat' dir='ltr'>omnes</span> <span class='ocrx_word' id='word_1_89' title='bbox 1057 1732 1144 1795; x_wconf 91' lang='lat' dir='ltr'>enim</span> <span class='ocrx_word' id='word_1_90' title='bbox 1161 1732 1319 1796; x_wconf 91' lang='lat' dir='ltr'>vincendi</span> <span class='ocrx_word' id='word_1_91' title='bbox 1340 1733 1446 1795; x_wconf 91' lang='lat' dir='ltr'>studio</span> 
     </span>
     <span class='ocr_line' id='line_1_12' title="bbox 342 1835 1445 1917; baseline -0.002 -17"><span class='ocrx_word' id='word_1_92' title='bbox 342 1838 546 1901; x_wconf 79' lang='lat' dir='ltr'>tenebamur.</span> <span class='ocrx_word' id='word_1_93' title='bbox 596 1836 690 1899; x_wconf 86' lang='lat' dir='ltr'>Pacis</span> <span class='ocrx_word' id='word_1_94' title='bbox 717 1835 872 1917; x_wconf 89' lang='lat' dir='ltr'>equidem</span> <span class='ocrx_word' id='word_1_95' title='bbox 899 1856 1032 1917; x_wconf 91' lang='lat' dir='ltr'>semper</span> <span class='ocrx_word' id='word_1_96' title='bbox 1059 1848 1174 1900; x_wconf 87' lang='lat' dir='ltr'>auctor</span> <span class='ocrx_word' id='word_1_97' title='bbox 1201 1836 1259 1913; x_wconf 85' lang='lat' dir='ltr'>iui,</span> <span class='ocrx_word' id='word_1_98' title='bbox 1288 1837 1348 1900; x_wconf 92' lang='lat' dir='ltr'>sed</span> <span class='ocrx_word' id='word_1_99' title='bbox 1378 1847 1445 1899; x_wconf 92' lang='lat' dir='ltr'>tum</span> 
     </span>
     <span class='ocr_line' id='line_1_13' title="bbox 343 1940 1446 2023; baseline -0.003 -18"><span class='ocrx_word' id='word_1_100' title='bbox 343 1962 436 2017; x_wconf 92' lang='lat' dir='ltr'>sero;</span> <span class='ocrx_word' id='word_1_101' title='bbox 459 1940 641 2004; x_wconf 90' lang='lat' dir='ltr'>eratenim</span> <span class='ocrx_word' id='word_1_102' title='bbox 662 1941 814 2015; x_wconf 70' lang='lat' dir='ltr'>amentis</span> <span class='ocrx_word' id='word_1_103' title='bbox 837 1960 912 2003; x_wconf 92' lang='lat' dir='ltr'>cum</span> <span class='ocrx_word' id='word_1_104' title='bbox 934 1942 1038 2004; x_wconf 90' lang='lat' dir='ltr'>aciem</span> <span class='ocrx_word' id='word_1_105' title='bbox 1060 1941 1199 2017; x_wconf 90' lang='lat' dir='ltr'>videres,</span> <span class='ocrx_word' id='word_1_106' title='bbox 1223 1960 1341 2023; x_wconf 92' lang='lat' dir='ltr'>pacem</span> <span class='ocrx_word' id='word_1_107' title='bbox 1364 1940 1446 2022; x_wconf 90' lang='lat' dir='ltr'>cogi-</span> 
     </span>
     <span class='ocr_line' id='line_1_14' title="bbox 341 2044 1446 2127; baseline -0.001 -18"><span class='ocrx_word' id='word_1_108' title='bbox 341 2057 422 2110; x_wconf 90' lang='lat' dir='ltr'>tare.</span> <span class='ocrx_word' id='word_1_109' title='bbox 470 2046 607 2121; x_wconf 79' lang='lat' dir='ltr'>OmneS,</span> <span class='ocrx_word' id='word_1_110' title='bbox 632 2044 778 2127; x_wconf 88' lang='lat' dir='ltr'>inquam,</span> <span class='ocrx_word' id='word_1_111' title='bbox 802 2044 937 2107; x_wconf 91' lang='lat' dir='ltr'>vincere</span> <span class='ocrx_word' id='word_1_112' title='bbox 959 2045 1162 2121; x_wconf 67' lang='lat' dir='ltr'>volebamus</span> <span class='ocrx_word' id='word_1_113' title='bbox 1182 2055 1218 2107; x_wconf 93' lang='lat' dir='ltr'>tu</span> <span class='ocrx_word' id='word_1_114' title='bbox 1243 2056 1335 2108; x_wconf 90' lang='lat' dir='ltr'>certe</span> <span class='ocrx_word' id='word_1_115' title='bbox 1359 2065 1446 2127; x_wconf 88' lang='lat' dir='ltr'>prae·</span> 
     </span>
     <span class='ocr_line' id='line_1_15' title="bbox 342 2149 1444 2232; baseline -0.004 -18"><span class='ocrx_word' id='word_1_116' title='bbox 342 2153 449 2232; x_wconf 88' lang='lat' dir='ltr'>cipue,</span> <span class='ocrx_word' id='word_1_117' title='bbox 467 2152 522 2232; x_wconf 91' lang='lat' dir='ltr'>qui</span> <span class='ocrx_word' id='word_1_118' title='bbox 537 2152 572 2214; x_wconf 95' lang='lat' dir='ltr'>in</span> <span class='ocrx_word' id='word_1_119' title='bbox 589 2170 664 2212; x_wconf 92' lang='lat' dir='ltr'>eum</span> <span class='ocrx_word' id='word_1_120' title='bbox 683 2150 790 2212; x_wconf 86' lang='lat' dir='ltr'>locum</span> <span class='ocrx_word' id='word_1_121' title='bbox 807 2169 957 2224; x_wconf 88' lang='lat' dir='ltr'>veneras,</span> <span class='ocrx_word' id='word_1_122' title='bbox 975 2149 1031 2211; x_wconf 90' lang='lat' dir='ltr'>ubi</span> <span class='ocrx_word' id='word_1_123' title='bbox 1046 2149 1106 2212; x_wconf 92' lang='lat' dir='ltr'>tibi</span> <span class='ocrx_word' id='word_1_124' title='bbox 1121 2158 1211 2212; x_wconf 91' lang='lat' dir='ltr'>esset</span> <span class='ocrx_word' id='word_1_125' title='bbox 1229 2150 1444 2230; x_wconf 90' lang='lat' dir='ltr'>pereundum,</span> 
     </span>
     <span class='ocr_line' id='line_1_16' title="bbox 306 2253 1445 2335; baseline 0.002 -23"><span class='ocrx_word' id='word_1_126' title='bbox 306 2281 331 2328; x_wconf 77' lang='grc' dir='ltr'>ις</span> <span class='ocrx_word' id='word_1_127' title='bbox 342 2255 405 2318; x_wconf 92' lang='lat' dir='ltr'>nisi</span> <span class='ocrx_word' id='word_1_128' title='bbox 419 2254 566 2317; x_wconf 81' lang='lat' dir='ltr'>vicisses</span> <span class='ocrx_word' id='word_1_129' title='bbox 606 2253 829 2335; x_wconf 83' lang='lat' dir='ltr'>Quamquam,</span> <span class='ocrx_word' id='word_1_130' title='bbox 846 2263 882 2315; x_wconf 94' lang='lat' dir='ltr'>ut</span> <span class='ocrx_word' id='word_1_131' title='bbox 898 2273 987 2315; x_wconf 90' lang='lat' dir='ltr'>nunc</span> <span class='ocrx_word' id='word_1_132' title='bbox 1004 2273 1039 2315; x_wconf 90' lang='lat' dir='ltr'>se</span> <span class='ocrx_word' id='word_1_133' title='bbox 1055 2273 1108 2316; x_wconf 89' lang='lat' dir='ltr'>res</span> <span class='ocrx_word' id='word_1_134' title='bbox 1126 2253 1235 2329; x_wconf 89' lang='lat' dir='ltr'>habet,</span> <span class='ocrx_word' id='word_1_135' title='bbox 1249 2274 1318 2315; x_wconf 91' lang='lat' dir='ltr'>non</span> <span class='ocrx_word' id='word_1_136' title='bbox 1335 2253 1445 2316; x_wconf 93' lang='lat' dir='ltr'>dubito</span> 
     </span>
     <span class='ocr_line' id='line_1_17' title="bbox 342 2357 1129 2442; baseline -0.001 -21"><span class='ocrx_word' id='word_1_137' title='bbox 342 2360 422 2442; x_wconf 93' lang='lat' dir='ltr'>quin</span> <span class='ocrx_word' id='word_1_138' title='bbox 439 2360 524 2422; x_wconf 89' lang='lat' dir='ltr'>hanc</span> <span class='ocrx_word' id='word_1_139' title='bbox 541 2358 680 2422; x_wconf 85' lang='lat' dir='ltr'>salutem</span> <span class='ocrx_word' id='word_1_140' title='bbox 699 2367 884 2439; x_wconf 88' lang='lat' dir='ltr'>anteponas</span> <span class='ocrx_word' id='word_1_141' title='bbox 900 2357 947 2420; x_wconf 89' lang='lat' dir='ltr'>illi</span> <span class='ocrx_word' id='word_1_142' title='bbox 962 2357 1129 2421; x_wconf 88' lang='lat' dir='ltr'>victoriae.</span> 
     </span>
     <span class='ocr_line' id='line_1_18' title="bbox 388 2463 1445 2544; baseline -0.005 -17"><span class='ocrx_word' id='word_1_143' title='bbox 388 2484 435 2528; x_wconf 89' lang='lat' dir='ltr'>ro.</span> <span class='ocrx_word' id='word_1_144' title='bbox 469 2465 565 2527; x_wconf 89' lang='lat' dir='ltr'>Haec</span> <span class='ocrx_word' id='word_1_145' title='bbox 587 2483 650 2544; x_wconf 88' lang='lat' dir='ltr'>ego</span> <span class='ocrx_word' id='word_1_146' title='bbox 671 2484 738 2525; x_wconf 92' lang='lat' dir='ltr'>non</span> <span class='ocrx_word' id='word_1_147' title='bbox 760 2463 914 2538; x_wconf 87' lang='lat' dir='ltr'>dicerem,</span> <span class='ocrx_word' id='word_1_148' title='bbox 932 2463 1074 2537; x_wconf 69' lang='lat' dir='ltr'>Tubero</span> <span class='ocrx_word' id='word_1_149' title='bbox 1093 2463 1120 2525; x_wconf 91' lang='lat' dir='ltr'>si</span> <span class='ocrx_word' id='word_1_150' title='bbox 1139 2471 1196 2525; x_wconf 88' lang='lat' dir='ltr'>aut</span> <span class='ocrx_word' id='word_1_151' title='bbox 1214 2483 1275 2526; x_wconf 95' lang='lat' dir='ltr'>vos</span> <span class='ocrx_word' id='word_1_152' title='bbox 1297 2473 1445 2526; x_wconf 91' lang='lat' dir='ltr'>constan-</span> 
     </span>
     <span class='ocr_line' id='line_1_19' title="bbox 342 2566 1445 2647; baseline -0.004 -16"><span class='ocrx_word' id='word_1_153' title='bbox 342 2568 407 2631; x_wconf 91' lang='lat' dir='ltr'>tiae</span> <span class='ocrx_word' id='word_1_154' title='bbox 428 2578 558 2630; x_wconf 87' lang='lat' dir='ltr'>vestrae</span> <span class='ocrx_word' id='word_1_155' title='bbox 580 2579 637 2630; x_wconf 91' lang='lat' dir='ltr'>aut</span> <span class='ocrx_word' id='word_1_156' title='bbox 659 2569 836 2631; x_wconf 88' lang='lat' dir='ltr'>Caesarem</span> <span class='ocrx_word' id='word_1_157' title='bbox 860 2566 1012 2628; x_wconf 85' lang='lat' dir='ltr'>beneficii</span> <span class='ocrx_word' id='word_1_158' title='bbox 1034 2568 1085 2629; x_wconf 92' lang='lat' dir='ltr'>sui</span> <span class='ocrx_word' id='word_1_159' title='bbox 1106 2567 1300 2647; x_wconf 89' lang='lat' dir='ltr'>paeniteret.</span> <span class='ocrx_word' id='word_1_160' title='bbox 1351 2568 1445 2628; x_wconf 91' lang='lat' dir='ltr'>Nunc</span> 
     </span>
     <span class='ocr_line' id='line_1_20' title="bbox 343 2670 1443 2754; baseline -0.004 -20"><span class='ocrx_word' id='word_1_161' title='bbox 343 2692 465 2754; x_wconf 84' lang='lat' dir='ltr'>quaero</span> <span class='ocrx_word' id='word_1_162' title='bbox 482 2681 591 2733; x_wconf 90' lang='lat' dir='ltr'>utrum</span> <span class='ocrx_word' id='word_1_163' title='bbox 603 2680 731 2734; x_wconf 89' lang='lat' dir='ltr'>vestras</span> <span class='ocrx_word' id='word_1_164' title='bbox 748 2671 883 2732; x_wconf 91' lang='lat' dir='ltr'>iniurias</span> <span class='ocrx_word' id='word_1_165' title='bbox 899 2691 942 2732; x_wconf 90' lang='lat' dir='ltr'>an</span> <span class='ocrx_word' id='word_1_166' title='bbox 959 2672 1005 2732; x_wconf 88' lang='lat' dir='ltr'>rei</span> <span class='ocrx_word' id='word_1_167' title='bbox 1022 2670 1174 2751; x_wconf 91' lang='lat' dir='ltr'>publicae</span> <span class='ocrx_word' id='word_1_168' title='bbox 1190 2671 1443 2753; x_wconf 89' lang='lat' dir='ltr'>persequamini.</span> 
     </span>
     <span class='ocr_line' id='line_1_21' title="bbox 305 2773 1445 2856; baseline 0.001 -23"><span class='ocrx_word' id='word_1_169' title='bbox 305 2802 334 2833; x_wconf 86' lang='lat'>20</span> <span class='ocrx_word' id='word_1_170' title='bbox 344 2776 379 2840; x_wconf 88' lang='lat' dir='ltr'>Si</span> <span class='ocrx_word' id='word_1_171' title='bbox 401 2775 447 2838; x_wconf 88' lang='lat' dir='ltr'>rei</span> <span class='ocrx_word' id='word_1_172' title='bbox 469 2775 631 2856; x_wconf 85' lang='lat' dir='ltr'>publicae,</span> <span class='ocrx_word' id='word_1_173' title='bbox 650 2775 727 2856; x_wconf 96' lang='lat' dir='ltr'>quid</span> <span class='ocrx_word' id='word_1_174' title='bbox 753 2774 794 2836; x_wconf 93' lang='lat' dir='ltr'>de</span> <span class='ocrx_word' id='word_1_175' title='bbox 815 2784 926 2836; x_wconf 89' lang='lat' dir='ltr'>vestra</span> <span class='ocrx_word' id='word_1_176' title='bbox 947 2775 981 2835; x_wconf 92' lang='lat' dir='ltr'>in</span> <span class='ocrx_word' id='word_1_177' title='bbox 1003 2775 1059 2835; x_wconf 91' lang='lat' dir='ltr'>illa</span> <span class='ocrx_word' id='word_1_178' title='bbox 1079 2793 1179 2837; x_wconf 90' lang='lat' dir='ltr'>causa</span> <span class='ocrx_word' id='word_1_179' title='bbox 1200 2773 1445 2856; x_wconf 89' lang='lat' dir='ltr'>perseverantia</span> 
     </span>
     <span class='ocr_line' id='line_1_22' title="bbox 344 2877 1444 2962; baseline -0.003 -21"><span class='ocrx_word' id='word_1_180' title='bbox 344 2877 610 2962; x_wconf 88' lang='lat' dir='ltr'>respondebitis?</span> <span class='ocrx_word' id='word_1_181' title='bbox 657 2878 692 2941; x_wconf 90' lang='lat' dir='ltr'>Si</span> <span class='ocrx_word' id='word_1_182' title='bbox 707 2887 844 2953; x_wconf 88' lang='lat' dir='ltr'>vestras,</span> <span class='ocrx_word' id='word_1_183' title='bbox 861 2878 973 2940; x_wconf 91' lang='lat' dir='ltr'>videte</span> <span class='ocrx_word' id='word_1_184' title='bbox 990 2898 1031 2940; x_wconf 92' lang='lat' dir='ltr'>ne</span> <span class='ocrx_word' id='word_1_185' title='bbox 1048 2879 1174 2953; x_wconf 90' lang='lat' dir='ltr'>erretis,</span> <span class='ocrx_word' id='word_1_186' title='bbox 1191 2877 1248 2959; x_wconf 91' lang='lat' dir='ltr'>qui</span> <span class='ocrx_word' id='word_1_187' title='bbox 1270 2878 1444 2942; x_wconf 87' lang='lat' dir='ltr'>Caesarem</span> 
     </span>
     <span class='ocr_line' id='line_1_23' title="bbox 344 2981 1362 3063; baseline -0.002 -17"><span class='ocrx_word' id='word_1_188' title='bbox 344 2985 462 3046; x_wconf 89' lang='lat' dir='ltr'>vestris</span> <span class='ocrx_word' id='word_1_189' title='bbox 479 2981 618 3044; x_wconf 89' lang='lat' dir='ltr'>inimicis</span> <span class='ocrx_word' id='word_1_190' title='bbox 633 2983 754 3043; x_wconf 90' lang='lat' dir='ltr'>iratum</span> <span class='ocrx_word' id='word_1_191' title='bbox 770 2982 842 3044; x_wconf 81' lang='lat' dir='ltr'>iore</span> <span class='ocrx_word' id='word_1_192' title='bbox 859 2982 992 3062; x_wconf 87' lang='lat' dir='ltr'>putetis,</span> <span class='ocrx_word' id='word_1_193' title='bbox 1011 3001 1086 3043; x_wconf 91' lang='lat' dir='ltr'>cum</span> <span class='ocrx_word' id='word_1_194' title='bbox 1102 2982 1269 3063; x_wconf 84' lang='lat' dir='ltr'>ignoverit</span> <span class='ocrx_word' id='word_1_195' title='bbox 1285 2982 1362 3044; x_wconf 82' lang='lat' dir='ltr'>suis</span> 
     </span>
    </p>
   </div>
   <div class='ocr_carea' id='block_1_3' title="bbox 705 3210 1148 3283">
    <p class='ocr_par' dir='ltr' id='par_1_3' title="bbox 705 3210 1148 3283">
     <span class='ocr_line' id='line_1_24' title="bbox 705 3210 1148 3283; baseline -0.002 -12"><span class='ocrx_word' id='word_1_196' title='bbox 705 3210 943 3283; x_wconf 73' lang='lat' dir='ltr'>Dnrnncn&#39;rro,</span> <span class='ocrx_word' id='word_1_197' title='bbox 973 3224 1083 3270; x_wconf 86' lang='lat'>10-12</span> <span class='ocrx_word' id='word_1_198' title='bbox 1145 3237 1148 3245; x_wconf 86' lang='lat'><em>·</em></span> 
     </span>
    </p>
   </div>
   <div class='ocr_carea' id='block_1_4' title="bbox 342 3352 1445 3540">
    <p class='ocr_par' dir='ltr' id='par_1_4' title="bbox 342 3352 1445 3540">
     <span class='ocr_line' id='line_1_25' title="bbox 342 3352 1445 3436; baseline -0.003 -19"><span class='ocrx_word' id='word_1_199' title='bbox 342 3356 384 3418; x_wconf 85' lang='lat' dir='ltr'>In</span> <span class='ocrx_word' id='word_1_200' title='bbox 407 3355 522 3436; x_wconf 67' lang='lat' dir='ltr'>belials</span> <span class='ocrx_word' id='word_1_201' title='bbox 538 3355 580 3436; x_wconf 86' lang='lat' dir='ltr'>os</span> <span class='ocrx_word' id='word_1_202' title='bbox 595 3353 764 3436; x_wconf 77' lang='lat' dir='ltr'>Ligarius,</span> <span class='ocrx_word' id='word_1_203' title='bbox 789 3354 812 3415; x_wconf 87' lang='lat' dir='ltr'><em>I</em></span> <span class='ocrx_word' id='word_1_204' title='bbox 829 3355 948 3436; x_wconf 79' lang='lat' dir='ltr'>appeal</span> <span class='ocrx_word' id='word_1_205' title='bbox 969 3364 999 3415; x_wconf 81' lang='lat' dir='ltr'>to</span> <span class='ocrx_word' id='word_1_206' title='bbox 1019 3374 1108 3434; x_wconf 75' lang='lat' dir='ltr'>your</span> <span class='ocrx_word' id='word_1_207' title='bbox 1126 3355 1292 3436; x_wconf 80' lang='lat' dir='ltr'>clemency,</span> <span class='ocrx_word' id='word_1_208' title='bbox 1320 3352 1445 3428; x_wconf 84' lang='lat' dir='ltr'>Caesar,</span> 
     </span>
     <span class='ocr_line' id='line_1_26' title="bbox 575 3457 1218 3540; baseline 0 -20"><span class='ocrx_word' id='word_1_209' title='bbox 575 3479 614 3520; x_wconf 87' lang='lat' dir='ltr'>as</span> <span class='ocrx_word' id='word_1_210' title='bbox 638 3468 668 3519; x_wconf 83' lang='lat' dir='ltr'>to</span> <span class='ocrx_word' id='word_1_211' title='bbox 690 3480 711 3520; x_wconf 90' lang='lat' dir='ltr'>a</span> <span class='ocrx_word' id='word_1_212' title='bbox 724 3458 850 3539; x_wconf 76' lang='lat' dir='ltr'>father,</span> <span class='ocrx_word' id='word_1_213' title='bbox 876 3466 932 3520; x_wconf 82' lang='lat' dir='ltr'>not</span> <span class='ocrx_word' id='word_1_214' title='bbox 951 3479 990 3519; x_wconf 87' lang='lat' dir='ltr'>as</span> <span class='ocrx_word' id='word_1_215' title='bbox 1014 3468 1044 3519; x_wconf 85' lang='lat' dir='ltr'>to</span> <span class='ocrx_word' id='word_1_216' title='bbox 1066 3479 1087 3520; x_wconf 88' lang='lat' dir='ltr'>a</span> <span class='ocrx_word' id='word_1_217' title='bbox 1099 3457 1218 3540; x_wconf 83' lang='lat' dir='ltr'>judge.</span> 
     </span>
    </p>
   </div>
   <div class='ocr_carea' id='block_1_5' title="bbox 306 3601 1447 4104">
    <p class='ocr_par' dir='ltr' id='par_1_5' title="bbox 306 3601 1447 4104">
     <span class='ocr_line' id='line_1_27' title="bbox 389 3601 1447 3688; baseline -0.004 -20"><span class='ocrx_word' id='word_1_218' title='bbox 389 3607 508 3688; x_wconf 91' lang='lat' dir='ltr'>Itaque</span> <span class='ocrx_word' id='word_1_219' title='bbox 529 3624 608 3666; x_wconf 95' lang='lat' dir='ltr'>num</span> <span class='ocrx_word' id='word_1_220' title='bbox 631 3604 689 3667; x_wconf 90' lang='lat' dir='ltr'>tibi</span> <span class='ocrx_word' id='word_1_221' title='bbox 710 3604 824 3684; x_wconf 86' lang='lat' dir='ltr'>videor</span> <span class='ocrx_word' id='word_1_222' title='bbox 845 3605 879 3665; x_wconf 93' lang='lat' dir='ltr'>in</span> <span class='ocrx_word' id='word_1_223' title='bbox 896 3624 996 3666; x_wconf 91' lang='lat' dir='ltr'>causa</span> <span class='ocrx_word' id='word_1_224' title='bbox 1019 3603 1133 3685; x_wconf 89' lang='lat' dir='ltr'>Ligari</span> <span class='ocrx_word' id='word_1_225' title='bbox 1153 3623 1227 3666; x_wconf 90' lang='lat' dir='ltr'>esse</span> <span class='ocrx_word' id='word_1_226' title='bbox 1243 3601 1447 3686; x_wconf 89' lang='lat' dir='ltr'>occupatus?</span> 
     </span>
     <span class='ocr_line' id='line_1_28' title="bbox 345 3692 1447 3790; baseline -0.003 -17"><span class='ocrx_word' id='word_1_227' title='bbox 345 3712 436 3773; x_wconf 93' lang='lat' dir='ltr'>Num</span> <span class='ocrx_word' id='word_1_228' title='bbox 454 3710 495 3772; x_wconf 92' lang='lat' dir='ltr'>de</span> <span class='ocrx_word' id='word_1_229' title='bbox 511 3710 581 3772; x_wconf 89' lang='lat' dir='ltr'>eius</span> <span class='ocrx_word' id='word_1_230' title='bbox 598 3709 687 3771; x_wconf 79' lang='lat' dir='ltr'>facto</span> <span class='ocrx_word' id='word_1_231' title='bbox 704 3709 837 3771; x_wconf 87' lang='lat' dir='ltr'>dicere?</span> <span class='ocrx_word' id='word_1_232' title='bbox 885 3692 1050 3790; x_wconf 85' lang='lat' dir='ltr'>Quicquid</span> <span class='ocrx_word' id='word_1_233' title='bbox 1075 3708 1150 3783; x_wconf 86' lang='lat' dir='ltr'>dixi,</span> <span class='ocrx_word' id='word_1_234' title='bbox 1174 3708 1217 3771; x_wconf 91' lang='lat' dir='ltr'>ad</span> <span class='ocrx_word' id='word_1_235' title='bbox 1241 3729 1342 3770; x_wconf 91' lang='lat' dir='ltr'>unam</span> <span class='ocrx_word' id='word_1_236' title='bbox 1365 3729 1447 3772; x_wconf 93' lang='lat' dir='ltr'>sum-</span> 
     </span>
     <span class='ocr_line' id='line_1_29' title="bbox 306 3812 1447 3897; baseline -0.005 -17"><span class='ocrx_word' id='word_1_237' title='bbox 306 3850 332 3897; x_wconf 78' lang='lat'>25</span> <span class='ocrx_word' id='word_1_238' title='bbox 345 3835 432 3877; x_wconf 91' lang='lat' dir='ltr'>mam</span> <span class='ocrx_word' id='word_1_239' title='bbox 449 3813 565 3877; x_wconf 82' lang='lat' dir='ltr'>referri</span> <span class='ocrx_word' id='word_1_240' title='bbox 580 3814 655 3876; x_wconf 94' lang='lat' dir='ltr'>volo</span> <span class='ocrx_word' id='word_1_241' title='bbox 671 3813 725 3875; x_wconf 92' lang='lat' dir='ltr'>vel</span> <span class='ocrx_word' id='word_1_242' title='bbox 740 3812 955 3875; x_wconf 88' lang='lat' dir='ltr'>humanitatis</span> <span class='ocrx_word' id='word_1_243' title='bbox 971 3814 1025 3875; x_wconf 92' lang='lat' dir='ltr'>vel</span> <span class='ocrx_word' id='word_1_244' title='bbox 1045 3812 1243 3876; x_wconf 90' lang='lat' dir='ltr'>clementiae</span> <span class='ocrx_word' id='word_1_245' title='bbox 1258 3814 1313 3876; x_wconf 89' lang='lat' dir='ltr'>vel</span> <span class='ocrx_word' id='word_1_246' title='bbox 1329 3814 1447 3876; x_wconf 87' lang='lat' dir='ltr'>miseri·</span> 
     </span>
     <span class='ocr_line' id='line_1_30' title="bbox 344 3917 1446 3998; baseline -0.003 -17"><span class='ocrx_word' id='word_1_247' title='bbox 344 3919 483 3982; x_wconf 90' lang='lat' dir='ltr'>cordiae.</span> <span class='ocrx_word' id='word_1_248' title='bbox 531 3919 668 3992; x_wconf 88' lang='lat' dir='ltr'>Causas,</span> <span class='ocrx_word' id='word_1_249' title='bbox 686 3918 819 3991; x_wconf 89' lang='lat' dir='ltr'>Caesar,</span> <span class='ocrx_word' id='word_1_250' title='bbox 837 3917 892 3997; x_wconf 89' lang='lat' dir='ltr'>egi</span> <span class='ocrx_word' id='word_1_251' title='bbox 914 3917 1034 3979; x_wconf 90' lang='lat' dir='ltr'>multas</span> <span class='ocrx_word' id='word_1_252' title='bbox 1054 3917 1206 3998; x_wconf 92' lang='lat' dir='ltr'>equidem</span> <span class='ocrx_word' id='word_1_253' title='bbox 1228 3926 1351 3993; x_wconf 91' lang='lat' dir='ltr'>tecum,</span> <span class='ocrx_word' id='word_1_254' title='bbox 1371 3918 1446 3980; x_wconf 92' lang='lat' dir='ltr'>dum</span> 
     </span>
     <span class='ocr_line' id='line_1_31' title="bbox 343 4019 1446 4104; baseline -0.002 -18"><span class='ocrx_word' id='word_1_255' title='bbox 343 4032 375 4086; x_wconf 91' lang='lat' dir='ltr'>te</span> <span class='ocrx_word' id='word_1_256' title='bbox 392 4024 426 4085; x_wconf 93' lang='lat' dir='ltr'>in</span> <span class='ocrx_word' id='word_1_257' title='bbox 443 4023 516 4085; x_wconf 84' lang='lat' dir='ltr'>foro</span> <span class='ocrx_word' id='word_1_258' title='bbox 531 4023 639 4085; x_wconf 89' lang='lat' dir='ltr'>tenuit</span> <span class='ocrx_word' id='word_1_259' title='bbox 653 4019 737 4083; x_wconf 88' lang='lat' dir='ltr'>ratio</span> <span class='ocrx_word' id='word_1_260' title='bbox 753 4021 917 4084; x_wconf 94' lang='lat' dir='ltr'>honorum</span> <span class='ocrx_word' id='word_1_261' title='bbox 932 4030 1073 4096; x_wconf 90' lang='lat' dir='ltr'>tuorum,</span> <span class='ocrx_word' id='word_1_262' title='bbox 1087 4030 1176 4084; x_wconf 88' lang='lat' dir='ltr'>certe</span> <span class='ocrx_word' id='word_1_263' title='bbox 1188 4040 1374 4104; x_wconf 89' lang='lat' dir='ltr'>numquam</span> <span class='ocrx_word' id='word_1_264' title='bbox 1387 4023 1446 4084; x_wconf 92' lang='lat' dir='ltr'>hoc</span> 
     </span>
    </p>
   </div>
   <div class='ocr_carea' id='block_1_6' title="bbox 0 0 1692 4775">
    <p class='ocr_par' dir='ltr' id='par_1_6' title="bbox 0 0 1692 4775">
     <span class='ocr_line' id='line_1_32' title="bbox 0 0 1692 4775; baseline 0 0"><span class='ocrx_word' id='word_1_265' title='bbox 0 0 1692 4775; x_wconf 95' lang='lat' dir='ltr'> </span> 
     </span>
    </p>
   </div>
  </div>
 </body>
</html>
