3375 4775
347 540 410 602 226
697 549 875 600 ORATIONS
897 550 942 599 or
964 550 1092 600 cicaro

348 724 383 787 C.
409 724 543 800 Caesar,
567 723 678 799 utitur,
701 743 795 785 suam
820 721 917 786 citius
941 723 1061 787 abiciet
1084 723 1327 789 humanitatem
1349 746 1442 808 quam

346 827 554 909 extorquebit
575 837 676 891 tuam.

351 1078 473 1142 Tubero
493 1100 620 1142 accuses
640 1079 802 1163 Ligarius
820 1081 862 1161 of
877 1102 898 1142 a
912 1079 1035 1157 crinea·
1057 1102 1158 1144 never
1171 1080 1276 1164 before
1291 1082 1375 1146 have
1391 1104 1445 1159 we,

555 1183 607 1245 tlte
622 1183 834 1264 vanquisleed,
853 1183 927 1247 been
942 1184 1051 1247 called
1063 1184 1242 1247 err'rm'nals¹

389 1349 419 1412 6.
450 1346 504 1409 Ac
528 1345 653 1427 primus
676 1346 785 1408 aditus
812 1355 846 1409 et
873 1347 1052 1427 postulatio
1080 1347 1268 1411 Tuberonis
1296 1349 1389 1425 haec,
1413 1358 1449 1411 ut

345 1450 470 1532 opinor,
499 1449 571 1524 ruit,
599 1450 684 1512 velle
712 1469 747 1512 se
774 1449 816 1513 de
844 1449 885 1532 Q.
913 1449 1027 1531 Ligari
1055 1451 1179 1514 scelere
1203 1452 1323 1515 dicere.
1373 1453 1448 1514 Non

324 1554 460 1626 sdubito
477 1553 556 1636 quin
571 1554 752 1616 admiratus
773 1554 826 1628 sis,
843 1553 899 1617 vel
919 1554 1008 1635 quod
1030 1555 1071 1617 de
1092 1555 1183 1617 nullo
1205 1555 1270 1618 alio
1286 1557 1340 1619 vel
1362 1556 1449 1638 quod

346 1660 373 1721 is
395 1658 504 1739 quiin
526 1657 643 1719 eadem
663 1678 765 1720 causa
785 1656 914 1732 fuisset,
936 1658 990 1720 vel
1010 1659 1168 1740 quidnam
1191 1661 1268 1721 novi
1292 1659 1447 1723 adferret.

347 1763 463 1826 Scelus
485 1772 519 1824 tu
539 1762 620 1823 illud
639 1781 748 1837 vocas,
771 1760 931 1824 Tubero?
978 1762 1069 1826 Cur?
1116 1763 1185 1849 Isto
1205 1764 1293 1825 enim
1315 1765 1450 1827 nomine

346 1865 401 1928 illa
417 1865 525 1928 adhuc
542 1886 642 1928 causa
661 1866 775 1928 caruit.
823 1865 893 1927 Alii
915 1886 1060 1929 errorem
1085 1866 1264 1947 appellant,
1282 1866 1339 1929 alii
1360 1869 1451 1930 timo·

346 1990 432 2045 rem;
460 1968 517 2051 qui
539 1968 663 2044 durius,
688 1990 791 2050 spem,
815 1969 1041 2050 cupiditatem,
1067 1970 1188 2044 odium,
1212 1970 1451 2050 pertinaciam3

310 2099 337 2131 ιο
346 2074 402 2155 qui
418 2073 622 2154 gravissime,
636 2073 857 2136 temeritatem
864 2094 871 2149 ;
898 2074 1005 2136 scelus
1023 2083 1153 2154 praeter
1166 2083 1198 2136 te
1214 2074 1325 2137 adhuc
1343 2095 1450 2137 nemo.

345 2179 400 2241 Ac
415 2177 496 2239 mihi
512 2178 655 2259 quidem,
674 2179 702 2239 si
724 2178 892 2259 proprium
917 2188 951 2240 et
966 2197 1082 2240 verum
1103 2197 1225 2240 nomen
1247 2179 1353 2240 nostri
1374 2179 1454 2240 mali

346 2282 522 2363 quaeritur,
548 2281 659 2343 fatalis
687 2282 852 2363 quaedam
881 2281 1052 2343 calamitas
1080 2281 1237 2344 incidisse
1262 2282 1395 2344 videtur
1420 2291 1454 2344 et

346 2385 547 2468 improvidas
569 2386 740 2448 hominum
762 2395 891 2448 mentes
914 2386 1138 2467 occupavisse,
1162 2396 1198 2450 ut
1218 2405 1318 2448 nemo
1341 2385 1455 2449 mirari

346 2490 468 2553 debeat
490 2491 637 2552 humana
661 2490 796 2552 consilia
820 2489 931 2552 divina
955 2489 1153 2552 necessitate
1181 2509 1255 2553 esse
1282 2499 1452 2570 superata.

311 2618 335 2666 15
348 2594 464 2657 Liceat
479 2614 553 2656 esse
568 2596 725 2669 miseros;
752 2614 954 2676 quamquam
973 2594 1036 2656 hoc
1052 2593 1177 2657 victore
1193 2613 1268 2656 esse
1289 2613 1357 2656 non
1379 2614 1456 2674 pos-

347 2718 470 2761 sumus.
518 2699 584 2762 Sed
605 2719 672 2761 non
692 2698 808 2780 loquor
825 2699 867 2761 de
884 2698 998 2774 nobis;
1024 2698 1065 2760 de
1082 2697 1146 2760 illis
1163 2698 1280 2779 loquor
1295 2699 1352 2780 qui
1370 2697 1454 2761 occi-

346 2803 475 2866 derunt.
524 2805 661 2867 Fuerint
688 2803 810 2885 cupidi,
837 2803 961 2866 fuerint
984 2801 1068 2878 irati,
1094 2801 1219 2864 fuerint
1242 2801 1452 2882 pertinaces;

347 2907 480 2970 sceleris
501 2928 579 2970 vero
597 2907 741 2981 crimine,
757 2907 888 2983 furoris,
905 2905 1071 2987 parricidii
1101 2904 1198 2968 liceat
1214 2906 1274 2969 Cn.
1291 2905 1454 2986 Pompeio

347 3021 486 3086 mortuo,
505 3012 601 3074 liceat
622 3012 733 3073 multis
755 3011 827 3073 aliis
849 3030 971 3073 carere.
1022 3009 1166 3091 Quando
1188 3008 1252 3070 hoc
1273 3008 1452 3090 quisquam

309 3141 338 3173 20
347 3135 387 3177 ex
408 3125 449 3195 te,
472 3115 606 3191 Caesar,
628 3115 762 3190 audivit,
786 3123 842 3177 aut
863 3124 921 3177 tua
944 3113 1023 3196 quid
1048 3112 1137 3175 aliud
1161 3132 1254 3174 arma
1273 3110 1454 3175 voluerunt

347 3217 409 3280 nisi
425 3239 444 3280 a
460 3228 493 3281 te
509 3218 744 3281 contumeliam
761 3216 979 3299 propulsare?
1021 3216 1111 3298 Quid
1129 3215 1198 3297 egit
1214 3225 1291 3278 tuus
1307 3213 1454 3278 invictus

346 3323 518 3396 exercitus,
543 3322 606 3385 nisi
629 3331 665 3384 ut
688 3342 784 3385 suum
808 3321 859 3385 ius
883 3330 1032 3384 tueretur
1055 3330 1088 3383 et
1113 3320 1310 3401 dignitatem
1334 3319 1454 3381 tuam?

343 3423 453 3507 Quid?
495 3423 547 3485 Tu
564 3443 638 3485 cum
656 3443 771 3504 pacem
788 3444 862 3486 esse
882 3424 1049 3504 cupiebas,
1066 3425 1145 3486 idne
1168 3422 1303 3504 agebas,
1331 3429 1369 3484 ut
1393 3421 1455 3484 tibi

346 3543 422 3586 cum
446 3525 614 3588 sceleratis
639 3545 681 3587 an
705 3535 741 3587 ut
764 3545 838 3588 cum
864 3525 959 3588 bonis
984 3524 1111 3588 civibus
1136 3523 1354 3588 conveniret?

297 3649 325 3699 25
393 3628 477 3690 Mihi
492 3648 581 3704 vem,
600 3628 733 3704 Caesar,
751 3637 808 3690 tua
824 3628 858 3690 in
875 3648 928 3690 me
944 3628 1088 3691 maxima
1105 3629 1222 3691 merita
1245 3636 1340 3691 tanta
1361 3638 1454 3692 certe

347 3752 415 3795 non
431 3732 630 3807 viderentur,
648 3732 676 3795 si
692 3752 744 3794 me
766 3742 802 3795 ut
823 3733 1021 3795 sceleratum
1044 3751 1063 3793 a
1084 3742 1117 3794 te
1138 3740 1373 3795 conservatum
1396 3754 1454 3816 pu-

347 3844 461 3899 tarem.
509 3835 585 3917 Quo
609 3836 706 3898 modo
730 3846 840 3898 autem
864 3846 900 3899 tu
924 3837 1024 3899 dere
1048 3835 1180 3917 publica
1204 3836 1290 3900 bene
1313 3837 1453 3900 meritus

347 3958 448 4014 esses,
466 3958 540 4001 cum
557 3947 606 4002 tot
622 3939 799 4002 sceleratos
820 3938 977 4002 incolumi
998 3939 1159 4021 dignitate
1171 3959 1246 4003 esse
1261 3939 1425 4005 voluisses
1442 3938 1453 4001 ?
