3375 4775
1053 578 1254 629 FIRST
1297 564 1611 630 ORATIO'N
1654 580 1959 631 AGAINST
2003 582 2338 631 CATILINE
2459 633 2462 637 ,
2710 591 2798 656 99

670 754 1103 837 Quamquam
1159 755 1317 837 quid
1367 776 1493 836 ego
1540 764 1605 818 ta
1652 756 1742 817 in-

581 869 806 934 VItem,
866 866 905 921 a
961 868 1095 942 qua
1146 859 1276 921 iam
1333 861 1536 921 sciam
1592 880 1741 923 esse

586 962 991 1043 praemissas
1037 973 1151 1045 qui
1194 962 1313 1025 tibi
1359 963 1443 1025 ad
1492 964 1741 1026 Forum

589 1066 941 1128 Auralium
1010 1067 1570 1147 praestalarentur
1647 1087 1742 1129 ar-

589 1178 765 1245 mati,
824 1170 934 1232 cui
1000 1172 1132 1233 iam
1200 1172 1404 1233 sciam
1473 1177 1740 1251 pactam

586 1285 651 1336 et
737 1276 1167 1337 canstitfitam
1255 1294 1405 1337 cum
1486 1275 1742 1337 Manlia

588 1378 781 1453 diem,
862 1385 902 1440 a
973 1386 1106 1459 quc’)
1173 1379 1372 1441 etiam
1449 1379 1738 1461 aquilam

587 1482 765 1543 illam
860 1491 1270 1563 argenteam,
1351 1503 1549 1564 quam
1621 1482 1740 1546 tibi

587 1606 663 1648 ac
725 1595 858 1649 tuis
908 1586 1216 1650 omnibus
1276 1587 1546 1650 canfida
1601 1609 1742 1669 per-

585 1689 908 1752 niciasam
985 1711 1064 1754 ac
1139 1691 1476 1753 fanestam
1568 1693 1742 1754 futa-

585 1814 744 1869 ram,
798 1793 906 1857 cui
950 1795 1133 1857 domi
1176 1804 1331 1858 tuae
1377 1797 1736 1858 sacrarium

585 1898 1022 1960 canstitfitum
1097 1898 1243 1975 fuit,
1317 1899 1520 1962 sciam
1591 1920 1739 1962 esse

585 2001 1073 2081 praemissam?
1165 2003 1269 2065 Tsi
1333 2012 1407 2065 ut
1463 2003 1578 2066 illa
1639 2024 1742 2065 ca-

583 2112 727 2167 rere
767 2105 1016 2168 diatius
1048 2116 1281 2188 possiS,
1317 2127 1515 2189 quam
1547 2127 1742 2170 vene-

581 2216 713 2270 rari
789 2210 875 2271 ad
955 2210 1225 2272 caedem
1314 2212 1740 2291 proficiscens

585 2311 869 2388 solabaS,
896 2320 935 2374 a
970 2314 1155 2375 cuius
1188 2313 1505 2376 altaribus
1538 2334 1740 2395 saepe

581 2417 781 2479 istam
847 2416 1121 2498 impiam
1186 2418 1525 2482 dexteram
1590 2419 1675 2480 ad
1741 2438 1975 2482 necem
2045 2419 2286 2481 civium
2354 2420 2793 2482 transtulisti?

2136 2288 2466 2332 SACRARHJM

582 2668 719 2731 You
753 2667 908 2730 will
925 2691 1015 2751 go
1038 2669 1287 2751 gladly,
1312 2672 1441 2751 for
1465 2669 1714 2731 thither
1749 2678 1979 2731 nature
2008 2670 2153 2731 and
2188 2669 2573 2733 z'nclz'natz'on
2606 2673 2795 2733 draw

652 2794 811 2853 you.
940 2772 1112 2836 W'z'tlz
1174 2773 1355 2836 wltat
1403 2774 1569 2836 mad
1597 2774 1726 2856 joy
1772 2773 1922 2834 will
1952 2795 2088 2854 you
2135 2774 2317 2836 revel
2351 2796 2595 2857 among
2623 2796 2801 2856 your

664 2876 1061 2938 abandoned
1088 2877 1437 2939 associates
1458 2881 1488 2939 l
1824 2884 1833 2892 ’

674 3059 775 3104 10.
843 3023 983 3101 'I'bis
1028 3040 1295 3102 tandem
1344 3041 1702 3122 aliquanda
1749 3048 1880 3121 qua
1927 3048 1991 3102 te‘:
2037 3041 2169 3101 iam
2217 3039 2472 3120 pridem
2511 3041 2637 3103 ista
2679 3050 2792 3102 tua

581 3143 917 3225 cupiditas
971 3143 1299 3207 effre-{nata
1353 3164 1445 3207 ac·
1487 3145 1739 3207 ful-iasa
1792 3144 2129 3225 rapiebat3
2178 3164 2394 3225 neque
2442 3145 2616 3206 enim
2674 3144 2794 3206 tibi

586 3249 750 3310 haec
788 3255 897 3309 res
932 3247 1153 3310 adfert
1194 3247 1507 3324 dolarem,
1543 3248 1661 3310 sed
1703 3248 2037 3329 quandam
2074 3247 2530 3311 incredibilem
2566 3250 2790 3329 volup·
2812 3277 2866 3308 20

582 3359 811 3414 tatem.
913 3351 1026 3413 Ad
1090 3343 1261 3414 hanc
1316 3360 1382 3414 te
1435 3353 1797 3416 amentiam
1851 3360 2088 3415 natfira
2148 3352 2427 3433 peperit,
2484 3353 2791 3414 voluntas

581 3454 897 3531 exercuit,
932 3456 1202 3517 fortuna
1234 3458 1538 3519 servavit.
1636 3458 2020 3540 Numquam
2053 3463 2122 3518 ta
2160 3463 2291 3518 nan
2333 3456 2530 3519 modo
2562 3455 2787 3531 atium,

582 3558 702 3621 sed
750 3566 836 3620 na
881 3557 1128 3621 bellum
1176 3561 1445 3642 quidem
1491 3560 1618 3622 nisi
1664 3561 1994 3623 nefarium
2049 3569 2434 3640 concupisti.
2535 3560 2790 3621 Nactus

581 3682 655 3724 es
686 3682 769 3725 ex
801 3663 1079 3744 perditis
1109 3673 1310 3746 atque
1342 3664 1427 3726 ab
1451 3674 1631 3727 omni
1655 3673 1786 3726 nan
1816 3665 2009 3728 modo
2042 3665 2311 3727 fortuna
2335 3671 2565 3725 varum
2590 3663 2789 3725 etiam

584 3773 706 3847 spa
738 3767 1071 3830 derelictis
1103 3767 1458 3831 canflatam
1489 3768 1939 3848 improbarum
1975 3788 2263 3830 manum.
2812 3789 2863 3837 25

676 3871 809 3932 Hic
855 3877 925 3932 tu
968 3877 1100 3952 qua
1143 3870 1388 3933 laetitia
1429 3872 1790 3952 perfruere,
1827 3872 2066 3951 quibus
2108 3871 2367 3950 gaudiis
2406 3871 2788 3948 exsultabiS,

586 3979 837 4055 quanta
875 3973 947 4035 in
977 3973 1324 4056 voluptate
1363 3973 1796 4048 bacchabere,
1831 3993 1981 4036 cum
2018 3975 2088 4034 in
2122 3980 2309 4035 tanta
2345 3982 2624 4036 numera
2656 3987 2790 4040 tuf)-
