3375 4775
1020 590 1261 642 THIRD
1304 590 1623 642 ORATION
1666 591 1892 641 AGAIN
1897 591 1976 641 ST
2019 589 2354 641 CATILINE
2673 595 2746 644 12
2756 592 2786 660 5

583 773 1027 848 susceperunt
1089 774 1195 841 et,‘
1225 785 1372 829 cum
1422 766 2031 848 advesperasceret,
2083 766 2339 829 occulte
2386 766 2471 828 ad
2521 776 2791 847 pontem

588 870 917 934 Mulvium
997 877 1447 952 pervenerunt
1523 881 1725 953 atque
1800 869 1891 933 ibi
1969 872 2036 932 in
2095 869 2408 952 proximis
2468 871 2639 932 villis
2699 870 2792 933 ita

582 975 901 1057 bipartito
947 974 1238 1050 fuerunt,
1284 984 1356 1037 ut
1402 974 1662 1039 Tiberis
1708 976 1883 1038 inter
1928 982 2042 1038 eos
2089 984 2156 1037 et
2202 982 2370 1055 pons
2417 975 2787 1037 interesset.

586 1080 843 1142 Eodem
892 1087 1119 1141 autem
1166 1087 1233 1141 et
1277 1079 1407 1160 ipsi
1454 1080 1600 1142 sine
1662 1080 2052 1161 cuiusquam
2117 1080 2493 1159 suspicione
2548 1078 2791 1141 multos

584 1183 792 1246 fortes
825 1183 1003 1245 viros
1037 1183 1422 1259 edfixerant,
1457 1192 1525 1246 et
1563 1202 1690 1265 ego
1723 1204 1805 1246 ex
1844 1184 2266 1264 praefectiira
2304 1183 2588 1245 Reatina
2621 1202 2790 1244 com·
2837 1207 2860 1255 5

586 1288 808 1368 plnres
840 1287 1138 1349 delectos
1170 1287 1651 1363 adulescenteS,
1680 1295 1958 1369 quorum
1993 1292 2198 1368 opera
2235 1293 2384 1349 fitor
2415 1285 2691 1348 adsidue
2723 1285 2788 1347 in

584 1400 678 1454 rei
709 1391 1020 1472 pfiblicae
1054 1390 1401 1472 praesidio,
1431 1411 1582 1454 cum
1615 1390 1853 1472 gladiis
1885 1400 2213 1453 miseram.
2296 1390 2571 1453 Interim
2599 1390 2791 1453 tertia

2443 1525 2746 1618 “aff—l

1357 2906 1483 2950 THE
1513 2906 1778 2950 ΜυινιΑΝ
1812 2905 2025 2949 BRIDGE

1462 2997 1584 3042 Now
1607 2997 1757 3041 Ponte
1780 2966 1930 3040 Molle

587 3140 729 3204 fere
759 3138 988 3221 vigilia
1018 3144 1249 3202 exacta
1280 3157 1432 3201 cum
1462 3137 1595 3199 iam
1629 3147 1904 3220 pontem
1947 3136 2274 3200 Mulvium
2314 3143 2560 3217 magno
2596 3135 2793 3198 comi-

584 3251 727 3308 tatii
784 3243 989 3324 legati
1048 3241 1493 3323 Allobrogum
1555 3240 1819 3323 ingredi
1876 3242 2251 3323 inciperent
2312 3247 2577 3323 finique
2638 3240 2794 3304 Vol·

583 3347 856 3422 turcius,
890 3346 963 3409 fit
1009 3345 1079 3408 in
1124 3353 1238 3409 eos
1284 3346 1612 3427 impetus;
1661 3346 2037 3408 edficuntur
2080 3354 2146 3408 et
2187 3344 2271 3407 ab
2314 3343 2440 3406 illis
2483 3342 2686 3423 gladii
2725 3354 2792 3407 et
2815 3367 2866 3399 10

585 3458 626 3513 Ξι
672 3459 938 3514 nostris.
1035 3450 1173 3513 Res
1219 3448 1635 3533 praetoribus
1681 3458 1826 3513 erat
1871 3457 2030 3512 nota
2071 3447 2245 3523 solis,
2279 3448 2712 3530 ignorabatur
2753 3454 2792 3510 a

588 3562 848 3618 ceteris.

697 3754 747 3818 I
778 3753 949 3818 have
977 3754 1275 3818 arrested
1310 3754 1419 3817 the
1462 3753 1712 3817 leaders
1757 3754 1902 3816 and
1935 3754 2263 3817 convened
2300 3755 2406 3817 tlte
2448 3762 2684 3816 senate.

679 3919 742 3978 3.
809 3900 985 3965 Turn
1032 3898 1407 3964 interventii
1449 3901 1784 3982 Pomptini
1828 3909 2027 3981 atque
2076 3899 2300 3961 Flacci
2345 3904 2574 3978 pfigna
2621 3916 2792 3979 quae

590 4015 737 4069 erat
768 4005 1119 4069 commissa
1144 4004 1429 4068 sedatur.
1526 4002 1819 4067 Litterae
1858 4020 2317 4085 quaecumque
2361 4010 2553 4062 erant
2598 3999 2665 4062 in
2713 4008 2792 4062 eo
