3375 4775
342 591 400 669 148
692 602 870 654 omnious
893 604 937 652 or
959 602 1087 652 cronno

382 776 492 839 Ceteri
506 784 595 850 voro,
613 778 647 839 di
669 779 884 854 immortoles,
917 785 982 860 quo
1005 777 1205 859 frequentio,
1223 785 1291 859 quo
1322 777 1443 853 studio,

337 887 402 961 quo
419 880 539 943 virtute
554 882 597 944 ad
621 890 830 944 commonem
857 884 998 945 salutem
1022 881 1288 963 dignitatemque
1306 889 1445 944 consen-

338 983 441 1046 tiunt!
488 984 578 1066 Quid
595 1006 658 1066 ego
683 987 735 1048 hic
759 986 888 1068 equites
908 987 1077 1048 Romonos
1101 1005 1371 1059 commemorem,
1389 995 1445 1066 qui

336 1087 430 1150 vobis
446 1087 492 1150 ita
515 1108 678 1151 summam
695 1090 819 1153 ordinis
843 1090 1036 1172 consiliique
1060 1089 1259 1163 concedunt,
1278 1099 1314 1151 ut
1338 1090 1445 1151 vobis·

316 1210 413 1267 scum
430 1191 471 1253 de
487 1200 598 1254 amore
622 1203 669 1255 rei
693 1194 845 1273 publicae
869 1193 1020 1256 certent?
1067 1192 1161 1274 Quos
1193 1212 1233 1254 ex
1263 1193 1441 1255 multorum

337 1302 499 1357 annorum
524 1296 729 1359 dissensione
755 1297 852 1360 huius
875 1297 1000 1360 ordinis
1024 1298 1066 1359 ad
1092 1296 1285 1359 societatem
1309 1317 1444 1359 concor-

338 1398 493 1480 diamque
517 1407 689 1463 revocotos
713 1402 894 1464 hodiernus
922 1402 994 1464 dios
1024 1402 1195 1464 vobiscum
1227 1410 1327 1482 atque
1359 1401 1443 1463 haec

338 1522 438 1565 causa
469 1504 648 1585 coniungit.
697 1505 807 1586 Quam
840 1515 869 1568 si
899 1506 1168 1568 coniunctionem
1200 1503 1234 1566 in
1267 1505 1442 1567 consulito

338 1608 569 1670 corifirmotam
594 1617 669 1671 meo
700 1619 897 1691 perpetuam
929 1610 963 1671 in
995 1616 1029 1671 ro
1061 1608 1194 1690 publico
1225 1608 1442 1683 tenuerimuS,

303 1742 329 1771 10
338 1712 501 1774 confirmo
512 1713 605 1775 vobis
623 1714 749 1775 nullum
763 1714 903 1796 posthoc
920 1714 1041 1776 maium
1060 1714 1155 1775 civile
1171 1732 1210 1775 ac
1223 1712 1443 1775 domesticum

339 1816 380 1877 ad
398 1816 496 1878 ollam
515 1826 562 1878 rei
582 1817 734 1898 publicae
758 1828 886 1899 partem
910 1838 984 1880 esse
1008 1825 1195 1880 ventorum.
1244 1817 1319 1878 Pari
1335 1817 1446 1879 studio

339 1920 570 1983 defendendae
587 1921 796 2001 reipublicae
809 1922 1005 2002 convenisse
1015 1921 1112 1983 video
1124 1920 1276 1984 tribunos
1289 1920 1444 1999 aerorios,

339 2024 537 2086 fortissimos
559 2025 667 2100 viros;
693 2026 818 2088 scribas
842 2026 922 2088 item
950 2024 1133 2100 universos
1152 2032 1236 2106 quos
1260 2044 1336 2088 cum
1364 2031 1444 2087 caso

340 2127 392 2189 hic
409 2127 479 2190 dies
495 2128 536 2189 ad
554 2128 716 2190 acrorium
733 2129 991 2211 frequentasset,
1007 2129 1105 2190 video
1129 2128 1171 2189 ab
1195 2128 1445 2207 exspectotione

304 2233 437 2307 15sortis
454 2232 495 2293 ad
512 2232 652 2294 salutem
675 2240 887 2295 communem
911 2252 985 2295 esse
1009 2239 1195 2294 conversos.
1244 2230 1365 2295 Omnis
1396 2234 1446 2294 in·

341 2343 523 2416 genuorum
556 2335 650 2399 adest
682 2336 867 2412 multitudo,
900 2337 999 2400 etiam
1031 2335 1312 2400 tenuissimorum.
1361 2335 1447 2418 Quis

340 2449 391 2502 est
414 2442 502 2501 enim
526 2441 579 2502 cui
602 2448 669 2502 non
694 2440 777 2503 haec
801 2442 936 2522 templa,
961 2451 1119 2522 aspectus
1151 2439 1250 2516 urbiS,
1276 2441 1449 2521 possessio

341 2542 509 2616 libertotiS,
527 2544 582 2604 lox
598 2544 741 2626 denique
758 2544 840 2606 haec
855 2545 927 2625 ipsa
943 2554 976 2607 et
999 2551 1176 2607 commone
1193 2545 1322 2625 patriae
1338 2544 1447 2607 solum

341 2666 416 2709 cum
433 2647 476 2709 sit
491 2654 603 2709 corum
620 2658 691 2711 tum
707 2656 787 2710 vero
802 2649 899 2711 dulce
916 2659 1015 2730 atque
1033 2647 1237 2710 iocundum?

342 2912 436 2975 Even
449 2913 501 2976 tte
508 2914 680 2995 freedmen
692 2914 765 2976 and
775 2914 883 2976 slaves
894 2934 950 2975 are
967 2913 1002 2976 in
1008 2914 1116 2995 favor
1127 2913 1169 2994 of
1177 2913 1246 2975 law
1259 2913 1333 2976 and
1344 2913 1447 2976 order.

305 3095 333 3125 ²0
386 3077 415 3140 8.
449 3076 582 3155 Operae
611 3078 753 3157 pretium
780 3087 839 3152 est,
866 3084 978 3157 patres
1004 3084 1192 3155 conscripti,
1218 3074 1447 3138 libertinorum

343 3178 514 3241 hominum
532 3180 640 3242 studia
656 3188 868 3262 cognoscere,
882 3190 940 3261 qui
956 3187 1015 3241 suo
1027 3181 1149 3242 virtote
1161 3179 1331 3241 fortunam
1349 3181 1449 3241 huius

343 3283 484 3345 civitotis
505 3291 676 3346 consecuti
696 3292 773 3346 voro
794 3284 881 3347 hanc
905 3305 998 3346 suam
1024 3303 1098 3346 esse
1122 3284 1263 3364 patriam
1287 3283 1447 3356 iodicant,

343 3407 443 3468 quam
467 3387 600 3468 quidam
626 3388 677 3450 hic
702 3395 779 3463 notI,
801 3398 835 3450 et
859 3394 1082 3450 summoniti
1106 3388 1186 3463 loco,
1212 3395 1279 3449 non
1304 3389 1446 3468 patriam

344 3511 437 3552 suam
454 3491 512 3553 sed
530 3491 644 3553 urbem
662 3493 807 3554 hostium
824 3512 898 3554 esse
916 3491 1154 3554 iodicovorunt.
1204 3490 1271 3553 Sed
1288 3491 1368 3572 quid
1384 3510 1448 3571 ego

230 3679 232 3682 Ι
306 3612 332 3660 ²5
343 3595 444 3657 hosce
461 3594 611 3657 homines
630 3596 829 3676 ordinesque
852 3603 1085 3671 commemoro,
1103 3602 1186 3676 quos
1210 3602 1361 3675 privitae
1384 3595 1448 3656 for-

344 3706 454 3773 tonae,
472 3707 555 3779 quos
579 3699 763 3762 commonis
787 3707 840 3761 res
864 3699 1007 3781 publica,
1028 3707 1111 3780 quos
1135 3699 1278 3780 donique
1304 3697 1446 3772 libertos,

345 3821 384 3864 ea
411 3822 496 3883 quae
520 3801 710 3865 dulcissima
733 3811 792 3877 est,
817 3803 859 3864 ad
884 3802 1025 3865 salutem
1049 3803 1176 3885 patriae
1200 3801 1446 3865 defendendam

345 3905 523 3968 excitovit?
564 3907 688 3970 Servus
705 3917 755 3968 est
771 3914 879 3981 nomo,
894 3916 951 3988 qui
967 3906 1065 3969 modo
1078 3905 1243 3969 tolerobili
1254 3905 1447 3967 condicione

345 4009 388 4071 sit
410 4009 586 4086 servitotis,
612 4019 759 4092 quinon
783 4010 957 4078 audaciam
981 4011 1102 4072 civium
1125 4009 1369 4091 perhorrescat,
1393 4016 1448 4089 qui
