3375 4775
340 612 401 678 252
691 605 868 656 ORATIONS
891 604 937 655 OF
958 605 1086 654 CICERO

338 783 514 858 cumulate,
532 802 608 844 cum
627 790 759 862 tempus
775 767 913 856 venerit,
932 779 1169 863 persolvenda;
1194 779 1251 861 qui
1273 787 1386 842 autem
1402 800 1441 843 ex

338 886 377 951 iis
394 887 514 969 quibus
534 886 590 948 illa
611 885 774 967 promissa
793 893 870 947 sunt
892 904 952 966 pro
976 883 1084 966 patria
1107 882 1308 956 occiderunt,
1328 904 1441 947 eorum

339 991 541 1075 parentibus,
567 989 686 1067 liberis,
712 988 917 1070 coniugibus
942 988 1100 1051 fratribus
1124 988 1242 1051 eadem
1266 988 1442 1050 tribuenda

338 1116 468 1161 cense0.

626 1224 827 1286 Paeoniam
849 1219 1091 1305 (Seuerum),
1120 1238 1158 1299 14

349 1371 498 1434 Whereas
517 1371 570 1432 tlte
590 1370 718 1432 cateszels
740 1369 812 1431 and
833 1365 956 1432 Caesar
976 1368 1060 1430 leam
1083 1388 1155 1429 maa
1177 1366 1244 1429 tla's
1260 1377 1363 1450 great
1381 1368 1442 1431 vle-

383 1485 460 1556 lory,
486 1476 557 1536 aad
581 1474 725 1536 whereas
756 1472 809 1535 tlee
832 1472 971 1534 saldiers
994 1473 1080 1534 leave
1095 1471 1225 1552 proved
1248 1471 1443 1534 themselves

383 1578 507 1658 warlley
527 1580 567 1659 of
581 1578 668 1639 their
682 1577 818 1652 leaders,
836 1577 859 1638 I
876 1597 949 1638 naeu
965 1596 1057 1638 move
1081 1574 1155 1637 that
1167 1596 1188 1637 a
1205 1574 1446 1657 tlearelesge'vr'ng

383 1683 423 1765 os
436 1684 519 1765 fifty
544 1683 624 1762 days
654 1680 690 1743 be
719 1681 798 1761 daly
821 1679 1007 1755 celebrated,
1034 1678 1107 1742 tlral
1134 1700 1156 1741 a
1187 1689 1378 1741 monument
1408 1678 1443 1742 be

383 1787 508 1849 ereeted
520 1786 554 1847 la
570 1786 674 1847 horter
686 1786 726 1865 os
742 1785 794 1845 tlte
809 1784 902 1858 dead,
920 1784 991 1846 aad
1006 1782 1079 1845 deal
1099 1783 1153 1845 tlee
1173 1783 1320 1845 rewards
1335 1794 1442 1865 pram-

384 1890 458 1953 r'sed
470 1900 501 1952 to
518 1890 601 1951 tlrem
619 1889 655 1951 be
664 1888 753 1970 pald
766 1898 796 1950 to
813 1887 1070 1969 tlreirfame'lies.

317 2071 328 2121 5
385 2056 432 2115 14.
467 2036 533 2100 Sed
554 2045 589 2098 ut
611 2036 788 2117 aliquando
813 2035 979 2100 sententia
1002 2034 1213 2118 complectar,
1231 2037 1278 2098 ita
1301 2017 1441 2100 censeo:

340 2142 424 2207 Cum
452 2140 489 2205 C.
517 2141 625 2202 Pansa
656 2141 781 2215 consul,
810 2140 999 2221 imperator,
1028 2140 1156 2203 initium
1185 2160 1261 2202 cum
1290 2141 1442 2204 hostibus

339 2245 540 2324 confligendi
557 2244 682 2321 fecerit,
700 2266 766 2327 quo
788 2245 913 2326 proelio
935 2244 1021 2327 legio
1045 2245 1167 2307 Martia
1188 2244 1377 2308 admirabili
1398 2246 1443 2308 in-

339 2349 553 2431 credibilique
575 2349 696 2412 virtute
725 2348 911 2413 libertatem
935 2349 1049 2431 populi
1074 2348 1218 2412 Romani
1242 2348 1440 2425 defenderit,

339 2453 428 2535 quod
451 2454 538 2516 idem
568 2453 718 2534 legiones
745 2454 889 2517 tironum
916 2453 1078 2529 fecerint3
1106 2454 1244 2536 ipseque
1270 2453 1306 2518 C.
1333 2455 1443 2518 Pansa

303 2588 329 2622 ιο
339 2558 464 2633 consul,
487 2557 674 2638 imperator,
698 2578 773 2620 cum
799 2557 884 2620 inter
907 2559 1015 2621 media
1040 2558 1184 2621 hostium
1207 2558 1276 2622 tela
1295 2579 1443 2623 versare·

338 2670 401 2738 tur,
417 2660 555 2724 vulnera
576 2661 759 2742 acceperit3
784 2682 926 2744 cumque
944 2663 986 2725 A.
1006 2661 1136 2726 Hirtius
1159 2663 1284 2739 consul,
1301 2663 1444 2745 impera-

337 2775 398 2841 tor,
416 2765 541 2847 proelio
557 2765 670 2828 audito
686 2785 721 2828 re
737 2767 872 2847 cognita
889 2766 1069 2829 fortissimo
1085 2767 1443 2849 praestantissimoque

339 2871 449 2933 animo
466 2870 645 2932 exercitum
662 2871 778 2932 castris
797 2870 947 2933 eduxerit
968 2868 1196 2953 impetumque
1217 2870 1251 2932 in
1269 2872 1316 2933 M.
1336 2872 1443 2934 Anto

339 2973 429 3036 nium
453 2973 700 3055 exercitumque
722 2974 866 3037 hostium
889 2974 1005 3037 fecerit
1028 2974 1164 3057 eiusque
1186 2974 1301 3056 copias
1324 2976 1444 3039 occidi-

302 3098 401 3155 15one
417 3078 574 3140 occiderit
590 3097 649 3140 suo
670 3078 815 3140 exercitu
836 3079 883 3140 ita
898 3078 1055 3140 incolumi
1073 3087 1108 3142 ut
1124 3099 1166 3142 ne
1183 3098 1287 3141 unum
1305 3079 1442 3161 quidem

339 3181 473 3244 militem
492 3180 702 3257 desiderarit;
726 3201 868 3263 cumque
885 3181 921 3246 C.
941 3182 1065 3245 Caesar
1080 3203 1141 3264 pro
1158 3191 1321 3264 praetore,
1340 3185 1443 3267 impe-

338 3294 434 3361 rator,
458 3286 594 3348 consilio
616 3285 852 3367 diligentiaque
877 3306 935 3348 sua
958 3295 1065 3349 castra
1087 3286 1229 3350 feliciter
1250 3287 1443 3352 defenderit

338 3391 518 3471 copiasque
551 3389 695 3453 hostium
726 3409 812 3471 quae
843 3389 885 3451 ad
912 3400 1022 3452 castra
1049 3400 1260 3454 accesserant
1288 3393 1444 3475 profliga-

338 3491 388 3567 rit,
413 3492 587 3556 occiderit:
612 3492 654 3555 ob
677 3513 734 3555 eas
758 3513 810 3556 res
834 3503 987 3556 senatum
1009 3493 1198 3558 existimare
1230 3505 1264 3559 et
1294 3495 1445 3561 iudicare

300 3619 329 3652 20
338 3615 452 3658 eorum
474 3597 573 3659 trium
596 3596 834 3677 imperatorum
855 3595 985 3673 virtute,
1002 3596 1151 3681 imperio,
1169 3595 1318 3677 consilio,
1337 3602 1445 3682 gravi-

337 3708 415 3774 tate,
433 3700 628 3776 constantia,
646 3700 877 3782 magnitudine
893 3701 1002 3775 animi,
1021 3702 1180 3766 felicitate
1197 3705 1359 3787 populum
1379 3707 1446 3770 Ro·

338 3824 472 3866 manum
503 3803 696 3867 foedissima
726 3805 1021 3888 crudelissimaque
1053 3805 1212 3871 servitute
1244 3808 1444 3887 liberatum;

338 3928 479 3989 cumque
506 3928 577 3970 rem
604 3908 781 3989 publicam,
808 3909 933 3985 urbem,
961 3910 1087 3993 templa
1113 3911 1250 3974 deorum
1275 3910 1445 3977 immorta-

338 4009 428 4086 lium,
455 4011 544 4075 bona
571 4012 791 4095 fortunasque
818 4012 966 4075 omnium
995 4014 1183 4098 liberosque
1209 4017 1445 4082 conservarint
