3375 4775
316 569 379 646 248
670 578 847 627 ORATIONS
869 578 914 626 or
936 576 1063 625 cronno

314 801 451 865 Hirtius
477 824 568 865 came
594 813 626 865 to
653 801 798 865 Pansa’s
822 799 886 863 aid
911 799 985 863 and
1001 810 1069 883 put
1090 800 1223 881 Antony
1251 809 1281 862 to
1301 798 1421 883 flzght,

493 905 592 969 wlrr'le
618 905 724 968 Gaius
749 902 872 969 Caesar
886 904 1044 988 guarded
1062 904 1115 967 tlte
1136 914 1238 985 camp.

359 1082 407 1127 10.
441 1062 531 1144 Quid
547 1062 655 1124 dicam
672 1062 713 1124 de
732 1060 866 1124 Hirtio?
905 1059 972 1141 Qui
988 1080 1022 1122 re
1039 1059 1151 1122 audita
1167 1079 1185 1122 e
1202 1060 1319 1122 castris
1335 1059 1423 1122 duas

313 1167 462 1249 legiones
492 1166 605 1229 eduxit
631 1164 815 1228 incredibili
842 1165 953 1227 studio
980 1174 1079 1245 atque
1106 1165 1235 1239 virtute,
1265 1175 1422 1245 quartam

311 1271 411 1347 illam,
436 1291 522 1353 quae
548 1271 663 1333 relicto
687 1270 837 1332 Antonio
865 1289 901 1332 se
928 1269 1006 1332 olim
1034 1288 1109 1331 curn
1138 1268 1260 1329 Martia
1287 1267 1422 1348 legione

312 1376 490 1452 coniunxit,
504 1385 537 1439 et
554 1376 739 1455 septimam,
755 1393 850 1455 quae,
864 1372 1046 1436 constituta
1061 1392 1101 1435 ex
1115 1370 1291 1447 veteranis,
1307 1372 1423 1435 docuit

289 1480 375 1549 shoc
398 1479 525 1561 proelio
547 1478 704 1541 militibus
728 1478 767 1540 iis
791 1476 848 1559 qui
872 1478 1024 1541 Caesaris
1047 1476 1209 1540 beneficia
1228 1485 1423 1539 servassent

312 1593 447 1647 senatus
464 1583 645 1665 populique
664 1581 807 1645 Romani
822 1601 935 1644 carum
953 1601 1074 1644 nomen
1090 1600 1172 1644 esse.
1220 1579 1285 1643 His
1301 1579 1423 1661 viginti

311 1688 503 1751 cohortibus
535 1688 626 1750 nullo
655 1688 805 1769 equitatu
839 1684 970 1748 Hirtius
1000 1686 1073 1767 ipse
1104 1684 1248 1767 aquilam
1279 1694 1422 1767 quartae

312 1792 452 1874 legionis
480 1812 556 1855 cum
591 1791 737 1865 inferret,
768 1811 834 1873 qua
868 1790 991 1852 nullius
1019 1790 1242 1872 pulchriorem
1270 1789 1421 1871 speciem

311 1896 519 1978 imperatoris
540 1895 739 1976 accepimus,
758 1914 833 1957 curn
855 1894 960 1957 tribus
978 1893 1107 1957 Antoni
1126 1892 1313 1975 legionibus
1329 1895 1422 1976 equi-

275 2019 301 2050 10
311 2009 449 2082 tatuque
484 1999 629 2062 conflixit
669 1999 848 2080 hostesque
882 1998 1029 2060 nefarios
1063 1997 1140 2060 huic
1175 1998 1266 2060 Iovis
1301 1998 1422 2079 optimi

311 2104 444 2166 maximi
478 2103 663 2186 ceterisque
701 2102 839 2165 deorum
877 2102 1113 2164 immortalium
1148 2100 1291 2182 templiS,
1327 2102 1422 2165 urbis

310 2208 416 2283 tectis,
441 2207 584 2270 libertati
608 2205 722 2288 populi
747 2206 900 2283 Romani,
926 2216 1059 2269 nostrae
1082 2206 1168 2268 vitae
1195 2205 1422 2288 sanguinique

310 2313 522 2375 imminentes
553 2310 739 2394 prostravit,
772 2311 869 2386 fudit,
900 2309 1030 2385 occidit,
1063 2318 1099 2372 ut
1129 2329 1206 2372 cum
1238 2310 1422 2372 admodum

310 2417 426 2499 paucis
453 2428 551 2480 nocte
578 2425 696 2491 tectus,
724 2425 815 2479 metu
843 2414 1037 2496 perterritus
1067 2414 1224 2496 princeps
1252 2415 1423 2478 latronum

275 2555 299 2604 ις
310 2521 443 2603 duxque
470 2521 604 2602 fugerit.
652 2519 683 2584 O
711 2521 814 2583 solem
842 2520 952 2602 ipsum
978 2518 1217 2594 beatissimum,
1246 2520 1312 2601 qui,
1340 2529 1423 2583 ante

310 2646 409 2707 quarn
442 2645 478 2687 se
508 2624 653 2700 abderet,
682 2625 793 2686 stratis
824 2623 1041 2686 cadaveribus
1072 2622 1311 2706 parricidarum
1342 2643 1423 2686 curn

311 2729 426 2812 paucis
449 2729 635 2809 fugientem
657 2728 740 2792 vidit
764 2727 970 2790 Antonium!

355 2835 412 2896 An
428 2854 507 2896 vero
524 2832 699 2915 quisquam
716 2831 881 2895 dubitabit
896 2833 1066 2913 appellare
1083 2831 1262 2896 Caesarem
1278 2833 1425 2914 impera-

310 2939 439 3001 torem?
485 2938 591 3000 Aetas
608 2938 679 3000 eius
696 2947 786 3000 certe
803 2937 844 2999 ab
865 2937 927 2999 hac
944 2936 1110 2999 sententia
1129 2937 1297 2999 neminem
1314 2936 1423 3001 deter-

272 3042 404 3118 zorebit,
422 3041 555 3124 quando
572 3040 706 3122 quidem
721 3040 844 3103 virtute
866 3040 1037 3121 superavit
1060 3050 1212 3104 aetatem.
1260 3041 1314 3103 Ac
1337 3043 1423 3105 mihi

310 3166 442 3227 semper
454 3165 494 3208 eo
511 3145 635 3208 maiora
651 3143 813 3207 beneficia
826 3145 862 3209 C.
875 3144 1028 3209 Caesaris
1041 3145 1112 3207 visa
1125 3154 1211 3220 sunt,
1225 3165 1292 3227 quo
1308 3146 1422 3210 minus

310 3259 405 3313 erant
422 3249 463 3312 ab
480 3260 589 3313 aetate
606 3248 661 3311 illa
677 3249 887 3330 postulanda.
936 3249 997 3313 Cui
1020 3269 1095 3311 curn
1120 3247 1297 3329 imperium
1320 3249 1422 3313 daba-

311 3375 393 3431 mus,
419 3353 537 3417 eodem
561 3363 712 3436 tempore
736 3353 836 3416 etiarn
861 3373 955 3434 spem
982 3355 1053 3416 eius
1080 3352 1223 3416 nominis
1246 3353 1422 3417 defereba-

311 3479 403 3537 mus;
428 3459 517 3541 quod
534 3478 608 3521 curn
625 3467 676 3521 est
692 3467 899 3534 consecutus,
918 3458 1147 3521 auctoritatem
1169 3457 1295 3522 decreti
1314 3459 1422 3522 nostri

273 3592 299 3638 25
311 3562 410 3625 rebus
422 3561 525 3643 gestis
539 3563 606 3624 suis
619 3563 857 3643 comprobavit.
899 3563 964 3625 Hic
978 3583 1057 3644 ergo
1074 3562 1271 3626 adulescens
1284 3562 1422 3626 maximi

311 3665 421 3740 animi,
433 3676 470 3727 ut
479 3665 650 3729 verissime
661 3666 774 3728 scribit
785 3666 925 3743 Hirtius,
938 3676 1047 3730 castra
1056 3652 1235 3730 multarum
1248 3667 1421 3748 legionum

311 3769 426 3852 paucis
442 3770 633 3833 cohortibus
651 3779 777 3832 tutatus
799 3781 851 3834 est
870 3770 1120 3852 secundumque
1139 3769 1304 3851 proelium
1327 3771 1418 3835 fecit.

312 3876 364 3937 Ita
377 3874 475 3937 trium
487 3873 723 3954 imperatorum
735 3874 851 3954 populi
863 3874 1005 3937 Romani
1015 3874 1145 3949 virtute,
1158 3875 1307 3952 consilio,
1318 3875 1420 3941 felici-

310 3988 379 4041 tate
395 3999 461 4041 uno
478 3978 531 4040 die
548 3978 627 4040 locis
644 3978 793 4059 pluribus
810 3998 863 4041 res
879 3978 1012 4062 publica
1028 3989 1078 4042 est
1094 3989 1301 4044 conservata.
