3375 4775
498 566 667 623 onnnort·
681 566 751 623 ron
772 565 848 621 nnn
871 565 1049 623 nannius
1072 566 1151 624 mw
1314 561 1371 645 165

276 748 313 811 L.
333 747 496 812 Lucullus
512 748 644 823 virtute,
660 746 869 822 adsiduitate,
887 747 1024 811 censilie
1041 758 1177 811 summis
1193 748 1373 812 obsidienis

274 852 430 935 periculis
446 850 615 926 liberevit;
639 850 681 914 ab
704 851 820 914 eedem
843 849 1041 932 imperetere
1060 853 1199 915 classem
1217 860 1372 934 megnam

274 967 308 1020 et
337 963 499 1031 emittam,
527 974 613 1036 quae
643 953 783 1018 ducibus
810 953 1008 1018 Sertdriainis
1033 955 1076 1017 ad
1100 939 1233 1017 ltaliam
1265 957 1374 1021 studie

273 1060 480 1123 inflammeta
506 1065 686 1140 raperetur,
715 1065 905 1140 superetam
932 1079 1006 1121 esse
1034 1070 1133 1141 atque
1160 1050 1371 1140 depressam;

274 1171 415 1245 magnes
449 1163 594 1226 hostium
629 1168 801 1243 praeteree
831 1162 944 1244 cepizis
978 1163 1090 1225 multis
1129 1164 1261 1245 proeliis
1298 1184 1372 1227 esse
1396 1192 1407 1238 ς

273 1269 401 1331 deletes
418 1267 689 1350 patefactumque
705 1276 825 1329 nostris
843 1266 1027 1349 legionibus
1050 1287 1123 1330 esse
1141 1269 1290 1344 Pontum,
1317 1279 1373 1351 qui

273 1380 374 1436 antee
390 1372 515 1454 popule
532 1372 684 1434 Remene
699 1391 740 1434 ex
755 1381 847 1434 omni
865 1371 955 1433 aditu
973 1372 1105 1434 clausus
1120 1372 1256 1448 luisset3
1281 1372 1372 1437 Sine

273 1484 339 1559 pen
356 1486 457 1558 atque
470 1475 634 1551 Amisum,
651 1476 770 1557 quibus
786 1476 820 1537 in
837 1476 967 1558 oppidis
984 1486 1079 1539 erant
1094 1476 1258 1539 domicilia
1274 1478 1370 1558 regis,

272 1580 429 1646 omnibus
444 1579 544 1643 rebus
564 1587 698 1644 ernetes
717 1600 756 1643 ac
778 1581 920 1643 refertis
944 1587 1137 1662 ceterasque
1161 1580 1258 1643 urbes
1277 1581 1373 1644 Ponti

271 1695 306 1749 et
327 1685 562 1767 Cappadociae
581 1684 762 1767 permultis
786 1691 853 1747 fine
874 1685 964 1770 aditu
982 1685 1193 1767 adventuque
1209 1705 1282 1747 esse
1298 1705 1373 1766 cap·
1383 1713 1409 1744 10

271 1797 343 1866 tes3
367 1797 482 1871 regem
503 1789 680 1871 spolietum
705 1796 809 1869 regne
828 1788 935 1869 patrie
954 1797 1053 1870 atque
1070 1797 1157 1851 avite
1175 1788 1217 1851 ad
1236 1787 1317 1851 alios
1336 1797 1371 1851 se

271 1901 372 1975 reges
395 1902 495 1975 atque
518 1893 560 1955 ad
583 1892 665 1956 alies
688 1900 806 1973 gentes
833 1891 1018 1973 supplicem
1046 1892 1243 1968 contulisse;
1272 1902 1371 1974 atque

271 1999 358 2061 haec
374 1998 485 2060 omnia
500 1996 600 2059 salvis
617 1997 732 2078 populi
749 1997 892 2058 Remeni
910 1996 1007 2059 sociis
1026 2006 1126 2078 atque
1146 1998 1284 2077 integris
1299 2017 1372 2059 vec-

270 2100 430 2182 tigelibus
445 2120 519 2163 esse
535 2109 639 2181 gesta.
688 2099 776 2164 Satis
794 2109 913 2181 opinor
936 2099 1018 2162 haec
1042 2120 1115 2162 esse
1137 2100 1253 2174 laudis,
1271 2109 1371 2181 atque

269 2206 329 2279 ita,
348 2203 503 2286 Quirites,
527 2213 565 2266 ut
588 2204 650 2267 hec
673 2210 732 2266 ves
755 2202 966 2283 intellegatis,
986 2210 1006 2265 a
1030 2203 1121 2265 mille
1143 2204 1290 2277 isterum,
1315 2213 1407 2284 qui15

271 2308 350 2370 huic
378 2307 567 2371 obtrectant
589 2307 656 2389 legi
679 2317 780 2390 atque
801 2326 931 2383 causae,
958 2307 994 2368 L.
1022 2307 1199 2368 Lucullum
1223 2305 1371 2369 similiter

269 2433 313 2476 ex
329 2413 392 2475 hec
408 2412 481 2476 loce
496 2431 570 2475 esse
586 2411 766 2474 laudetum.

269 2668 342 2730 But
359 2666 584 2742 Mithradates,
602 2666 722 2748 though
745 2666 902 2747 defeated,
925 2665 955 2728 is
977 2666 1053 2728 still
1072 2665 1270 2729 uusubdued.
1317 2667 1372 2728 He

314 2771 377 2834 has
401 2770 533 2853 gained
557 2791 631 2832 new
653 2769 759 2845 allier,
788 2791 861 2831 wau
886 2791 907 2832 a
928 2779 1026 2851 great
1047 2770 1177 2850 victory,
1200 2771 1271 2831 aud
1287 2792 1368 2842 uara,

314 2874 454 2957 through
477 2874 530 2937 the
551 2873 700 2937 removal
717 2873 758 2955 os
772 2872 942 2949 Lucullus,
958 2872 1019 2935 has
1045 2894 1067 2935 a
1086 2873 1177 2954 gaad
1195 2874 1311 2935 chance
1329 2875 1369 2953 af

312 2999 445 3042 success.

313 3161 343 3223 9.
379 3141 579 3223 Requiretur
593 3139 737 3203 fortasse
752 3159 842 3202 nunc
859 3159 956 3221 quem
973 3138 1015 3201 ad
1035 3138 1178 3215 modum,
1197 3159 1271 3201 cum
1289 3139 1370 3203 haec

269 3247 316 3310 ita
341 3246 418 3321 sint,
442 3245 604 3326 reliquum
632 3245 737 3325 possit
764 3251 922 3324 megnum
950 3263 1025 3306 esse
1054 3243 1185 3305 bellum.
1243 3245 1371 3324 Cegno-

270 3351 362 3425 scite,
392 3348 547 3430 Quirites,
571 3355 638 3410 nen
663 3349 752 3410 enim
777 3348 840 3410 hec
865 3348 937 3409 sine
964 3354 1064 3409 causa
1091 3357 1205 3428 quaeri
1230 3347 1367 3409 videtur.
1380 3380 1408 3410 20

271 3454 418 3516 Primum
434 3471 474 3514 ex
491 3458 551 3513 sue
563 3457 667 3532 regne
683 3461 729 3514 sic
748 3450 960 3513 Mithridates
973 3450 1130 3530 profugit,
1145 3459 1181 3512 ut
1197 3470 1236 3512 ex
1253 3450 1369 3512 eedem

271 3558 378 3620 Ponte
395 3555 516 3618 Medea
536 3555 594 3618 illa
614 3556 781 3637 quondam
802 3554 991 3636 profugisse
1010 3554 1138 3629 dicitur,
1156 3574 1254 3636 quam
1280 3574 1370 3634 prae-

269 3660 384 3724 dicant
395 3660 430 3722 in
445 3659 528 3740 fuge
544 3655 656 3722 fretris
672 3668 724 3722 sui
739 3658 888 3720 membra
903 3658 936 3719 in
953 3659 992 3720 iis
1008 3658 1088 3720 locis
1108 3665 1172 3738 quai
1195 3665 1230 3719 se
1249 3665 1369 3738 parens

270 3769 526 3846 persequeretur
562 3761 785 3843 dissipavisse,
817 3771 855 3824 ut
884 3769 997 3823 eerum
1029 3761 1190 3823 conlectio
1221 3761 1370 3840 dispersa

271 3885 467 3948 maerorque
484 3865 609 3948 patrius
626 3865 827 3929 celeritetem
844 3864 1068 3946 persequendi
1082 3864 1273 3926 retardaret.
1315 3863 1369 3927 Sic
1379 3894 1405 3942 25

273 3969 487 4034 Mithridates
501 3967 635 4052 lugiens
654 3969 830 4031 meximam
851 3967 918 4029 vim
943 3976 1014 4030 auri
1036 3975 1136 4048 atque
1154 3975 1286 4047 argenti
1301 3967 1370 4048 pul-
