3375 4775
338 579 399 658 164
689 586 865 639 orations
887 587 932 640 or
954 586 1082 638 acano

333 774 385 828 tes
407 764 500 826 initio
521 762 600 827 belli
623 763 764 827 Asiatici
778 762 899 839 docuit,
921 762 955 827 id
976 762 1110 846 quidem
1133 771 1223 827 certa
1246 764 1437 828 calamitate

333 867 422 930 docti
439 867 597 931 memoria
613 865 755 930 retinuere
778 867 947 930 dabamus.
994 867 1082 930 Nam
1098 876 1178 943 tum,
1195 887 1272 931 cum
1296 867 1330 930 in
1352 868 1437 931 Asia

334 979 386 1033 ras
410 978 549 1052 magnas
580 971 737 1053 permulti
763 978 952 1047 amiserant,
969 980 1092 1034 scimus
1117 972 1244 1034 Rumae
1270 971 1436 1035 solutiune

333 1075 492 1157 impedita
520 1074 617 1137 fidem
642 1075 836 1139 concidisse.
907 1075 984 1138 Nun
1015 1073 1104 1138 enim
1134 1084 1276 1157 possunt
1306 1083 1373 1137 una
1400 1077 1435 1139 in

311 1181 466 1252 scivitate
491 1179 586 1241 multi
615 1199 685 1241 rem
716 1198 755 1242 ac
785 1180 939 1242 fortunas
969 1180 1129 1255 amittere,
1154 1187 1191 1241 ut
1220 1186 1289 1242 nun
1320 1179 1435 1261 pluras

332 1291 444 1346 sacum
468 1282 501 1345 in
525 1282 666 1345 eandem
689 1283 824 1346 trahant
854 1282 1085 1346 calamitatem.
1131 1269 1166 1346 Ᾱ
1192 1290 1259 1365 quu
1285 1284 1435 1365 periculu

332 1387 504 1468 probibate
521 1406 589 1449 rem
607 1386 773 1468 publicam
790 1396 823 1449 ct
839 1387 920 1449 mihi
936 1387 1069 1462 erudite,
1082 1385 1115 1449 id
1125 1385 1214 1468 quod
1229 1386 1294 1468 ipsi
1302 1387 1434 1464 vidatis,

332 1492 414 1553 haec
432 1491 514 1553 lidus
529 1502 630 1573 atque
646 1491 728 1554 haec
745 1492 829 1553 ratiu
845 1490 1071 1572 pecuniarum,
1088 1510 1174 1573 quae
1192 1492 1330 1566 Rumae,
1348 1511 1435 1574 quae

330 1596 363 1657 in
381 1595 455 1657 foro
466 1601 626 1669 versatur,
643 1594 812 1674 implicata
835 1604 888 1657 est
909 1613 984 1656 cum
1011 1594 1076 1656 illis
1092 1595 1242 1676 pecuniis
1274 1594 1435 1659 Asiaticis

295 1725 321 1757 ιο
331 1708 364 1762 et
379 1699 553 1774 cohaerct;
578 1718 674 1761 ruere
697 1697 753 1760 illa
776 1705 843 1760 nun
868 1706 1017 1779 possunt,
1041 1706 1078 1759 ut
1102 1698 1184 1761 haec
1215 1705 1282 1760 nun
1300 1698 1432 1780 ⁹eudem

331 1801 497 1865 labefacta
513 1809 603 1864 mutu
621 1802 807 1864 concidant.
856 1801 932 1884 Qua
943 1801 1099 1865 ravidate
1114 1822 1194 1863 num
1211 1802 1434 1865 dubitandum

329 1906 422 1969 vubis
454 1907 495 1968 sit
525 1915 615 1968 omni
643 1906 751 1969 studiu
781 1905 823 1967 ad
854 1904 887 1968 id
919 1903 1043 1969 bellum
1073 1904 1275 1981 incumbere,
1299 1906 1334 1968 in
1366 1915 1434 1988 quu

330 2010 435 2090 gluria
458 2009 600 2071 numinis
623 2019 733 2083 vcstri,
759 2008 849 2071 salus
877 2009 1050 2084 sociarum,
1074 2009 1252 2091 vectigalia
1279 2008 1433 2087 maxima,

329 2113 484 2175 fortunae
507 2112 722 2193 plurimarum
746 2112 866 2175 civium
898 2113 1094 2176 coniunctae
1125 2132 1201 2175 cum
1232 2120 1267 2176 ra
1298 2112 1434 2193 publica

294 2217 563 2288 15dufcndantur.

361 2437 439 2499 Tris
465 2437 681 2498 Mlaundos
704 2454 775 2498 nun
801 2437 1029 2500 mmmmm
1052 2455 1096 2500 or
1118 2455 1189 2500 run
1211 2438 1312 2513 Wnn,
1331 2440 1401 2518 8,9

331 2589 434 2652 Great
447 2610 485 2651 as
510 2589 539 2650 is
560 2589 613 2651 tlte
628 2610 707 2665 war,
726 2612 775 2651 we
794 2600 885 2653 must
901 2599 958 2658 not
971 2589 1104 2671 despair
1121 2593 1162 2672 of
1177 2611 1310 2652 success.
1366 2591 1435 2653 lee

461 2693 697 2756 aclrz'evements
711 2695 753 2775 of
761 2694 921 2756 Lucullus
936 2694 1066 2756 deseror
1080 2693 1161 2776 hzglz
1169 2693 1293 2776 praise.

372 2850 400 2912 8.
433 2847 600 2930 Quoniam
621 2848 662 2909 du
683 2867 807 2927 genere
825 2847 905 2910 bclli
927 2847 1003 2923 dixi,
1020 2867 1109 2910 nunc
1132 2848 1174 2910 da
1198 2849 1431 2929 magnitudine

327 2973 434 3034 pauca
451 2953 567 3014 dicam.
616 2953 729 3014 Potest
746 2951 834 3013 cnim
853 2952 915 3014 huc
928 2951 1000 3027 dici,
1013 2950 1092 3013 belli
1103 2971 1211 3032 genus
1223 2971 1297 3014 esse
1314 2951 1361 3014 ita
1375 2972 1432 3015 ne-

327 3055 507 3117 cessarium
523 3066 559 3118 ut
575 3057 618 3118 sit
633 3055 827 3136 gerendum,
841 3063 908 3117 nun
924 3075 997 3118 esse
1013 3056 1060 3117 ita
1075 3062 1234 3137 magnum
1250 3064 1287 3118 ut
1300 3055 1343 3119 sit
1359 3076 1432 3137 per·

327 3160 577 3221 timescendum.
626 3160 666 3220 In
691 3167 757 3239 quu
780 3160 922 3221 maxima
944 3157 1161 3221 laburandum
1185 3167 1237 3221 est
1266 3166 1310 3221 na
1340 3159 1431 3223 forte

289 3285 317 3317 20
327 3282 367 3323 ca
379 3262 471 3332 vubis
487 3283 573 3344 quae
589 3261 840 3343 diligentissime
857 3261 1062 3344 providenda
1089 3270 1167 3324 sunt
1182 3263 1431 3326 contemnenda

327 3385 401 3429 esse
425 3367 609 3429 videantur.
656 3367 771 3448 Atque
797 3376 834 3429 ut
858 3373 975 3429 omnus
1001 3365 1198 3447 intellegant
1221 3372 1275 3427 ma
1299 3366 1338 3448 L.
1365 3367 1431 3428 Lu-

327 3469 414 3531 cullu
432 3479 562 3532 tantum
583 3469 752 3551 impertire
775 3469 883 3532 laudis
906 3478 1066 3552 quantum
1091 3469 1171 3531 forti
1192 3468 1265 3530 viru
1287 3478 1321 3532 et
1345 3469 1430 3551 sapi-

327 3583 397 3636 enti
409 3573 534 3635 homini
546 3583 580 3636 et
591 3580 714 3653 magnu
725 3573 916 3654 imperaturi
928 3572 1097 3648 debeatur,
1109 3574 1183 3636 dicu
1195 3573 1267 3636 eius
1280 3571 1427 3636 adventu

327 3679 487 3739 maximas
513 3677 699 3739 Mithridati
725 3678 838 3757 cupias
864 3676 1017 3738 omnibus
1044 3674 1143 3738 rubus
1169 3682 1304 3739 urnatas
1327 3685 1430 3758 atque

288 3801 315 3849 25
326 3787 505 3843 instructas
531 3781 647 3856 fuisse,
675 3780 858 3862 urbemque
886 3780 990 3843 Asiae
1020 3779 1235 3842 clarissimam
1264 3779 1428 3862 nobisque

327 3883 558 3946 amicissimam
592 3884 829 3965 Cyzicenorum
864 3883 1035 3946 obsessam
1066 3903 1140 3946 csse
1170 3881 1212 3944 ab
1243 3880 1318 3964 ipsu
1348 3890 1429 3964 ruge

328 3988 469 4050 maxima
482 3986 692 4050 multitudine
707 3996 742 4050 et
757 3992 988 4069 oppugnatam
1005 3986 1309 4062 vehementissima,
1326 4006 1428 4070 quam
