3375 4775
338 562 400 626 242
689 556 865 606 onnnous
889 557 934 606 on
956 554 1083 606 cicaro

337 731 399 794 bus
413 730 514 812 gestis
539 740 596 793 aut
619 732 816 813 plerumque
839 731 964 793 nullis?
1011 731 1122 813 Quam
1146 730 1189 793 ob
1207 750 1278 793 rem
1294 739 1352 793 aut
1368 747 1440 811 sup·

338 835 471 917 plicatio
496 834 537 897 ab
561 854 600 897 eo
628 837 684 916 qui
716 844 794 897 ante
825 835 907 898 dixit
938 835 1149 898 decernenda
1179 854 1248 897 non
1279 834 1353 908 fuit,
1385 844 1442 895 aut

337 940 478 1001 usitatus
495 939 600 1001 honos
618 939 900 1021 pervulgatusque
924 938 1120 1002 tribuendus
1135 938 1184 1012 iis,
1203 938 1325 1020 quibus
1342 937 1441 1001 etiam

337 1044 414 1107 novi
427 1043 679 1125 singularesque
696 1042 870 1106 debentur.
936 1058 942 1065 ·

346 1288 430 1351 Well
448 1310 525 1369 may
543 1309 592 1350 we
611 1288 715 1349 honor
735 1307 797 1349 our
818 1285 1002 1348 illustrabas
1025 1286 1158 1348 leaders.
1206 1286 1259 1347 Do
1276 1294 1333 1347 not
1344 1286 1442 1381 forna

422 1392 681 1455 neomentcredit
702 1390 892 1453 tlzeabsurd
910 1411 1025 1453 rumor
1045 1390 1080 1453 in
1104 1390 1225 1473 regard
1238 1399 1270 1451 to
1293 1410 1351 1451 me.

314 1577 325 1625 5
379 1574 408 1634 5.
440 1556 497 1618 An
514 1554 631 1637 siquis
650 1554 880 1636 Hispanorum
903 1563 960 1615 aut
991 1554 1163 1617 Gallorum
1188 1561 1245 1615 aut
1271 1552 1439 1614 Thracum

337 1660 425 1723 mille
441 1669 497 1721 aut
513 1661 579 1722 duo
603 1659 691 1720 milia
708 1658 893 1732 occidisset,
911 1677 986 1719 eum
1012 1657 1074 1720 hac
1096 1656 1338 1720 consuetudine
1355 1676 1441 1737 quae

335 1762 498 1826 increbuit
523 1764 756 1843 imperatorem
783 1762 969 1843 appellaret
997 1771 1151 1837 senatus;
1176 1769 1225 1823 tot
1253 1759 1439 1841 legionibus

335 1868 449 1942 caesia,
460 1877 553 1930 tanta
564 1867 774 1930 multitudine
787 1867 933 1929 hostium
944 1865 1121 1928 interfecta
1130 1863 1329 1927 —hostium
1343 1864 1439 1927 dico?

335 1971 390 2045 ita,
413 1972 559 2053 inquam,
585 1970 737 2045 hostium,
764 1971 916 2052 quamvis
949 1969 1012 2032 hoc
1044 1968 1098 2031 isti
1125 1970 1237 2031 hostes
1266 1968 1437 2031 domestici

300 2075 692 2138 10nolint—clarissimis
717 2074 857 2137 ducibus
891 2074 1171 2155 supplicationum
1201 2073 1362 2135 honorem
1387 2074 1438 2135 tri-

335 2178 483 2255 buemus,
508 2179 756 2260 imperatorium
783 2199 906 2241 nomen
926 2179 1134 2241 adimemus?
1182 2179 1319 2259 Quanto
1351 2180 1436 2241 enim

335 2283 469 2359 honore,
488 2284 620 2358 laetitia,
632 2283 854 2364 gratulatione
866 2284 900 2344 in
918 2284 980 2345 hoc
993 2262 1155 2363 templum
1172 2284 1302 2363 ingredi
1316 2283 1438 2346 debent

335 2386 381 2450 illi
393 2388 456 2469 ipsi
479 2390 576 2451 huius
600 2388 689 2450 urbis
714 2388 916 2464 liberatores,
935 2409 1010 2451 cum
1035 2388 1192 2451 hesterno
1216 2389 1270 2452 die
1302 2399 1438 2471 propter

335 2512 448 2555 eorum
480 2513 532 2555 res
564 2504 675 2573 gestas
707 2513 759 2555 me
790 2502 944 2555 ovantem
977 2503 1011 2557 et
1043 2513 1148 2575 prope
1174 2493 1436 2574 triumphantem

299 2623 323 2672 ¹5
335 2596 477 2676 populus
496 2597 668 2658 Romanus
684 2597 716 2657 in
735 2597 935 2678 Capitolium
953 2599 1051 2661 domo
1068 2600 1188 2675 tulerit,
1207 2600 1345 2662 domum
1362 2599 1437 2662 inde

334 2698 522 2762 reduxerit?
554 2700 588 2761 Is
601 2701 687 2762 enim
699 2701 831 2764 demum
849 2713 900 2766 est
912 2725 986 2767 mea
1002 2706 1135 2787 quidem
1149 2707 1317 2769 sententia
1332 2708 1437 2770 iustus

335 2803 522 2884 triumphus
538 2824 576 2866 ac
593 2824 701 2879 verus
719 2826 795 2868 cum
819 2807 907 2872 bene
931 2811 972 2872 de
996 2831 1031 2872 rc
1056 2811 1189 2892 publica
1207 2813 1334 2874 meritis
1351 2811 1436 2874 testi-

335 2907 482 2970 monium
499 2929 695 2971 aconsensu
712 2911 853 2974 civitatis
866 2913 970 2975 datur.
1020 2915 1107 2976 Nam
1125 2916 1195 2978 sive
1218 2916 1251 2976 in
1269 2914 1436 2978 communi

334 3012 456 3092 gaudio
480 3014 595 3095 populi
622 3015 765 3076 Romani
800 3017 858 3079 uni
883 3018 1144 3098 gratulabantur,
1170 3039 1332 3100 magnum
1359 3019 1436 3082 iudi-

297 3117 441 3191 20cium;
466 3116 535 3179 sive
552 3117 608 3179 uni
624 3121 746 3199 gratias
772 3121 926 3202 agebant,
945 3142 984 3185 eo
1009 3122 1133 3199 maius;
1159 3124 1229 3185 sive
1246 3132 1433 3206 utrumque,

334 3220 417 3282 nihil
429 3221 694 3301 magnificentius
712 3224 852 3306 cogitari
868 3235 987 3306 potest.

380 3326 448 3388 ‘Tu
478 3325 578 3406 igitur
608 3327 680 3408 ipse
714 3329 756 3392 de
786 3329 866 3392 te?’
895 3329 1013 3393 dixerit
1045 3331 1220 3412 quispiam.
1270 3330 1433 3412 Equidem

333 3429 465 3505 invitus,
483 3429 541 3492 sed
564 3430 703 3493 iniuriae
720 3431 814 3494 dolor
837 3433 918 3495 facit
934 3453 987 3496 me
1004 3444 1136 3514 praeter
1159 3435 1435 3498 consuetudinem

334 3534 523 3614 gloriosum.
573 3537 695 3598 Nonne
709 3537 788 3598 satis
811 3546 863 3599 est
886 3536 928 3599 ab
952 3537 1142 3600 hominibus
1157 3538 1289 3600 virtutis
1313 3538 1434 3619 ignaris

298 3667 324 3715 ²5
334 3639 475 3718 gratiam
507 3640 592 3702 bene
629 3639 832 3703 merentibus
869 3662 936 3704 non
972 3641 1110 3704 referri?
1168 3641 1279 3704 Etiam
1315 3642 1348 3705 in
1379 3662 1434 3705 cos

335 3742 392 3823 qui
422 3764 537 3807 omnes
569 3764 646 3806 suas
680 3763 776 3807 curas
806 3744 840 3805 in
871 3745 919 3807 rei
949 3745 1101 3827 publicae
1137 3745 1244 3808 salute
1275 3746 1432 3828 defigunt,

335 3847 513 3928 impietatis
545 3848 682 3910 crimine
713 3847 837 3909 invidia
867 3847 1068 3929 quaeretur?
1130 3849 1229 3912 Scitis
1260 3850 1349 3912 enim
1378 3869 1434 3930 per

335 3951 396 4014 hos
433 3951 502 4015 dies
534 3951 769 4015 creberrimum
807 3952 912 4014 fuisse
948 3972 1133 4015 sermonem
1171 3972 1225 4015 me
1263 3953 1431 4026 Parilibus,
