3375 4775
347 584 405 649 152
697 583 875 633 ORATIONS
898 584 944 634 OF
965 584 1094 634 CICERO

341 756 404 820 bus
415 776 453 819 ac
464 756 612 819 terminis
625 759 851 833 continentur;
868 757 930 821 erit
942 759 1095 840 prolecto
1105 758 1191 821 inter
1202 760 1321 821 horum
1334 759 1448 821 laudes

341 860 464 943 aliquid
484 861 547 923 loci
563 871 695 923 nostrae
712 839 853 942 gloriaeJ
865 860 929 924 nisi
947 863 1033 924 lorte
1055 861 1161 924 maius
1183 872 1235 926 est
1255 862 1448 944 patefacere

341 965 436 1028 nobis
452 964 639 1046 provinciis
656 973 721 1048 quo
736 975 824 1028 exire
841 976 1016 1047 possimus,
1035 986 1133 1048 quam
1151 974 1268 1029 corare
1290 977 1326 1030 ut
1348 966 1448 1029 etiam

340 1070 387 1132 illi
402 1080 458 1151 qui
474 1070 596 1132 absunt
611 1069 757 1132 habeant
773 1077 840 1151 quo
856 1072 997 1132 victores
1013 1080 1229 1133 revertantur.

274 1204 276 1207 ·
318 1196 330 1245 ς
386 1173 597 1256 Quamquam
614 1184 665 1236 est
683 1181 748 1235 rino
770 1174 843 1237 loco
864 1173 1015 1236 condicio
1036 1174 1152 1237 melior
1175 1185 1333 1238 externae
1349 1174 1450 1238 victo

341 1280 408 1341 riae
424 1299 524 1360 quam
541 1278 753 1351 domesticae,
767 1278 856 1359 quod
873 1279 987 1340 hostes
1003 1279 1211 1359 alienigenae
1224 1289 1282 1341 aut
1294 1289 1450 1360 oppressi

339 1385 488 1445 serviunt
518 1393 576 1445 aut
605 1392 731 1463 recepti
756 1383 791 1443 in
815 1381 993 1444 amicitiam
1021 1382 1183 1446 beneficio
1215 1390 1250 1445 se
1282 1383 1449 1464 obligotos

340 1498 478 1568 putant;
502 1497 559 1569 qui
577 1497 687 1549 autern
708 1507 747 1549 ex
767 1494 907 1549 numero
927 1487 1047 1548 civium
1069 1486 1236 1549 dementia
1259 1488 1371 1569 aliquo
1395 1488 1449 1550 do-

341 1598 468 1672 pravati
496 1592 608 1653 hostes
635 1590 762 1672 patriae
790 1590 893 1652 semel
921 1610 994 1652 esse
1021 1597 1214 1671 coeporunt,
1238 1598 1296 1653 eos
1323 1612 1401 1654 cum
1429 1600 1449 1654 o

305 1695 485 1776 ropernicie
502 1705 549 1757 rei
568 1694 720 1776 poblicae
740 1693 936 1776 reppuleris,
954 1714 1016 1756 nec
1037 1704 1071 1756 vi
1091 1702 1243 1758 coercore
1262 1716 1325 1759 nec
1349 1696 1449 1760 bene-

340 1799 414 1861 ficio
441 1800 572 1881 placore
604 1809 719 1879 possis.
768 1798 843 1880 Quo
871 1806 907 1860 ro
935 1798 1016 1860 mihi
1046 1819 1122 1861 cum
1154 1799 1292 1879 perditis
1319 1800 1449 1864 civibus

339 1914 512 1966 aeternum
537 1903 660 1965 bellum
688 1914 881 1984 susceptum
913 1923 986 1966 esse
1013 1904 1120 1966 video.
1170 1904 1209 1966 Id
1240 1925 1305 1985 ego
1335 1914 1450 1968 vestro

338 2008 567 2089 bonorumque
584 2008 731 2070 omniurn
752 2008 873 2070 auxilio
893 2009 1119 2089 memoriaque
1135 2017 1303 2071 tantorum
1321 2019 1449 2091 pericu-

339 2112 454 2185 lorum,
472 2132 558 2193 quae
581 2121 646 2174 non
666 2112 763 2174 modo
785 2113 819 2173 in
837 2113 899 2175 hoc
917 2113 1050 2193 populo,
1069 2122 1127 2193 qui
1142 2120 1293 2175 servatus
1309 2121 1370 2189 est,
1388 2113 1448 2175 sed

302 2231 327 2279 Ι5
339 2216 372 2278 in
389 2217 536 2278 omnium
553 2216 702 2297 gentium
719 2216 928 2279 sermonibus
945 2237 983 2279 ac
1002 2216 1168 2279 mentibus
1185 2237 1318 2300 semper
1335 2217 1450 2279 haero-

338 2321 395 2396 bit,
421 2328 441 2382 a
468 2328 520 2382 me
545 2330 645 2403 atque
672 2328 691 2382 o
720 2330 800 2384 meis
828 2321 928 2383 facile
956 2322 1141 2404 propulsori
1171 2341 1272 2404 posse
1299 2322 1447 2383 confido.

341 2427 459 2507 Neque
476 2426 543 2487 nlla
565 2427 715 2506 proiecto
738 2436 832 2488 tanta
851 2435 900 2488 vis
925 2427 1117 2507 reperiotur,
1135 2446 1220 2508 quae
1244 2426 1451 2488 conionctio

339 2549 415 2591 nem
432 2539 577 2592 vestram
594 2531 809 2612 equitumque
828 2531 1056 2591 Romonorum
1077 2540 1111 2592 et
1131 2539 1258 2592 tantam
1281 2537 1450 2610 conspira-

339 2634 463 2696 tionem
479 2633 641 2696 bonorum
658 2635 805 2696 omnium
823 2635 1036 2715 confringere
1056 2644 1089 2696 et
1109 2633 1313 2696 labefactore
1329 2636 1448 2715 possit.

341 2888 407 2950 For
418 2887 543 2968 myself
549 2887 574 2950 I
584 2887 658 2968 only
673 2888 734 2949 ask
750 2887 822 2949 tlrat
829 2909 897 2967 you
914 2887 1092 2950 remember
1105 2910 1159 2969 my
1173 2887 1359 2969 consulship
1374 2891 1450 2952 and

375 3002 499 3073 protect
514 3013 568 3072 my
582 3013 648 3053 son.
695 2992 719 3052 l
729 2991 804 3072 only
818 2991 925 3053 aweit
932 3013 1022 3072 your
1035 2991 1175 3053 decriion
1193 3002 1224 3054 lo
1239 3003 1367 3054 execrtte
1385 2993 1421 3055 it.

301 3181 329 3212 20
386 3175 433 3218 11.
468 3155 564 3236 Quae
588 3174 663 3216 cum
691 3153 736 3216 ita
763 3153 837 3228 sint,
863 3162 925 3235 pro
947 3155 1094 3234 imperio,
1120 3162 1181 3234 pro
1204 3154 1360 3229 exercito,
1386 3162 1450 3235 pro

341 3259 510 3342 provincia
537 3278 636 3339 quarn
665 3258 806 3338 neglexi,
836 3266 897 3338 pro
923 3257 1092 3338 triumpho
1122 3265 1308 3340 ceterisque
1339 3258 1449 3321 laudis

339 3363 526 3444 insignibus
542 3381 628 3443 quae
645 3370 722 3423 sunt
737 3369 756 3423 a
775 3369 826 3422 mo
842 3370 979 3442 propter
1002 3361 1091 3423 urbis
1107 3371 1306 3441 vestraeque
1329 3362 1448 3425 salutis

341 3467 525 3530 costodiam
542 3465 724 3546 repudiata,
743 3473 803 3546 pro
819 3464 981 3527 clientelis
1001 3464 1219 3546 hospitiisque
1241 3464 1449 3546 provinciali-

340 3572 412 3647 bus,
431 3591 516 3653 quae
537 3578 650 3632 tamen
672 3568 807 3631 urbanis
829 3568 948 3649 opibus
973 3577 1040 3630 non
1064 3568 1190 3631 minore
1213 3568 1327 3632 labore
1350 3579 1449 3632 tueor

303 3704 329 3752 25
341 3695 440 3758 quam
457 3681 623 3755 comparo,
642 3680 703 3754 pro
723 3673 775 3734 his
796 3673 897 3752 igitur
917 3671 1071 3734 omnibus
1094 3673 1203 3747 robus
1221 3680 1283 3753 pro
1306 3682 1389 3736 meis
1413 3673 1448 3735 in

341 3789 399 3844 vos
423 3777 646 3861 singularibus
674 3777 791 3839 studiis
817 3784 943 3857 proque
972 3777 1033 3838 hoc
1061 3796 1159 3857 quam
1188 3777 1376 3859 perspicitis
1404 3777 1448 3840 ad

341 3884 602 3949 conservandam
626 3901 696 3943 rem
720 3879 887 3961 poblicam
911 3881 1091 3959 diligentior,
1117 3879 1199 3941 nihil
1222 3887 1241 3942 a
1264 3880 1359 3944 vobis
1382 3881 1450 3945 nisi

343 3991 440 4054 huius
453 3987 612 4070 temporis
625 3993 791 4067 totiusque
804 3994 870 4047 mei
881 3985 1073 4047 consulatus
1086 3986 1279 4046 memoriam
1292 3986 1429 4067 postulo
1440 4007 1448 4064 ;
