<?xml version="1.0" encoding="UTF-8"?>
<!DOCTYPE html PUBLIC "-//W3C//DTD XHTML 1.0 Transitional//EN"
    "http://www.w3.org/TR/xhtml1/DTD/xhtml1-transitional.dtd">
<html xmlns="http://www.w3.org/1999/xhtml" xml:lang="en" lang="en">
 <head>
  <title>
</title>
<meta http-equiv="Content-Type" content="text/html;charset=utf-8" />
  <meta name='ocr-system' content='tesseract 3.04.00' />
  <meta name='ocr-capabilities' content='ocr_page ocr_carea ocr_par ocr_line ocrx_word'/>
</head>
<body>
  <div class='ocr_page' id='page_1' title='image "./nineorationscic00cicegoog_0230.png"; bbox 0 0 3375 4775; ppageno 0'>
   <div class='ocr_carea' id='block_1_1' title="bbox 341 562 1086 616">
    <p class='ocr_par' dir='ltr' id='par_1_1' title="bbox 341 562 1086 616">
     <span class='ocr_line' id='line_1_1' title="bbox 341 562 1086 616; baseline -0.004 0"><span class='ocrx_word' id='word_1_1' title='bbox 341 569 405 616; x_wconf 88' lang='lat'>210</span> <span class='ocrx_word' id='word_1_2' title='bbox 693 562 869 614; x_wconf 81' lang='lat' dir='ltr'>ORATIONS</span> <span class='ocrx_word' id='word_1_3' title='bbox 891 562 936 613; x_wconf 89' lang='lat' dir='ltr'>OF</span> <span class='ocrx_word' id='word_1_4' title='bbox 958 562 1086 613; x_wconf 91' lang='lat' dir='ltr'><strong>CICERO</strong></span> 
     </span>
    </p>
   </div>
   <div class='ocr_carea' id='block_1_2' title="bbox 307 735 1455 4021">
    <p class='ocr_par' dir='ltr' id='par_1_2' title="bbox 307 735 1455 4021">
     <span class='ocr_line' id='line_1_2' title="bbox 385 735 1443 819; baseline -0.002 -18"><span class='ocrx_word' id='word_1_5' title='bbox 385 738 513 819; x_wconf 90' lang='lat' dir='ltr'>ltaque,</span> <span class='ocrx_word' id='word_1_6' title='bbox 538 736 576 800; x_wconf 92' lang='lat' dir='ltr'>C.</span> <span class='ocrx_word' id='word_1_7' title='bbox 602 738 734 813; x_wconf 90' lang='lat' dir='ltr'>Caesar,</span> <span class='ocrx_word' id='word_1_8' title='bbox 767 737 907 800; x_wconf 84' lang='lat' dir='ltr'><strong>bellicae</strong></span> <span class='ocrx_word' id='word_1_9' title='bbox 930 746 1007 801; x_wconf 90' lang='lat' dir='ltr'>tuae</span> <span class='ocrx_word' id='word_1_10' title='bbox 1038 736 1153 800; x_wconf 92' lang='lat' dir='ltr'>laudes</span> <span class='ocrx_word' id='word_1_11' title='bbox 1185 735 1443 800; x_wconf 90' lang='lat' dir='ltr'>celebrabuntur</span> 
     </span>
     <span class='ocr_line' id='line_1_3' title="bbox 340 827 1443 923; baseline -0.004 -18"><span class='ocrx_word' id='word_1_12' title='bbox 340 842 414 905; x_wconf 91' lang='lat' dir='ltr'>illae</span> <span class='ocrx_word' id='word_1_13' title='bbox 431 842 564 923; x_wconf 89' lang='lat' dir='ltr'>quidem</span> <span class='ocrx_word' id='word_1_14' title='bbox 580 862 647 904; x_wconf 91' lang='lat' dir='ltr'>non</span> <span class='ocrx_word' id='word_1_15' title='bbox 664 827 770 904; x_wconf 81' lang='lat' dir='ltr'>solum</span> <span class='ocrx_word' id='word_1_16' title='bbox 787 841 919 917; x_wconf 89' lang='lat' dir='ltr'>nostris,</span> <span class='ocrx_word' id='word_1_17' title='bbox 936 840 994 904; x_wconf 92' lang='lat' dir='ltr'>sed</span> <span class='ocrx_word' id='word_1_18' title='bbox 1006 860 1115 922; x_wconf 91' lang='lat' dir='ltr'>paene</span> <span class='ocrx_word' id='word_1_19' title='bbox 1127 841 1278 903; x_wconf 94' lang='lat' dir='ltr'>omnium</span> <span class='ocrx_word' id='word_1_20' title='bbox 1294 840 1443 922; x_wconf 87' lang='lat' dir='ltr'>gentium</span> 
     </span>
     <span class='ocr_line' id='line_1_4' title="bbox 341 944 1442 1027; baseline -0.003 -19"><span class='ocrx_word' id='word_1_21' title='bbox 341 946 456 1008; x_wconf 86' lang='lat' dir='ltr'>litteris</span> <span class='ocrx_word' id='word_1_22' title='bbox 473 954 572 1027; x_wconf 92' lang='lat' dir='ltr'>atque</span> <span class='ocrx_word' id='word_1_23' title='bbox 589 945 719 1026; x_wconf 90' lang='lat' dir='ltr'>linguis,</span> <span class='ocrx_word' id='word_1_24' title='bbox 736 964 798 1007; x_wconf 93' lang='lat' dir='ltr'>nec</span> <span class='ocrx_word' id='word_1_25' title='bbox 822 945 890 1007; x_wconf 92' lang='lat' dir='ltr'>ulla</span> <span class='ocrx_word' id='word_1_26' title='bbox 912 964 1069 1025; x_wconf 92' lang='lat' dir='ltr'>umquam</span> <span class='ocrx_word' id='word_1_27' title='bbox 1089 954 1181 1007; x_wconf 92' lang='lat' dir='ltr'>aetas</span> <span class='ocrx_word' id='word_1_28' title='bbox 1198 944 1241 1007; x_wconf 90' lang='lat' dir='ltr'>de</span> <span class='ocrx_word' id='word_1_29' title='bbox 1256 944 1325 1007; x_wconf 91' lang='lat' dir='ltr'>tuis</span> <span class='ocrx_word' id='word_1_30' title='bbox 1341 944 1442 1006; x_wconf 91' lang='lat' dir='ltr'>laudi-</span> 
     </span>
     <span class='ocr_line' id='line_1_5' title="bbox 340 1047 1442 1129; baseline -0.002 -17"><span class='ocrx_word' id='word_1_31' title='bbox 340 1050 402 1113; x_wconf 90' lang='lat' dir='ltr'>bus</span> <span class='ocrx_word' id='word_1_32' title='bbox 414 1050 632 1124; x_wconf 91' lang='lat' dir='ltr'>conticescet;</span> <span class='ocrx_word' id='word_1_33' title='bbox 657 1049 715 1111; x_wconf 93' lang='lat' dir='ltr'>sed</span> <span class='ocrx_word' id='word_1_34' title='bbox 732 1057 844 1111; x_wconf 89' lang='lat' dir='ltr'>tamen</span> <span class='ocrx_word' id='word_1_35' title='bbox 860 1049 930 1111; x_wconf 94' lang='lat' dir='ltr'>eius</span> <span class='ocrx_word' id='word_1_36' title='bbox 946 1048 1035 1111; x_wconf 93' lang='lat' dir='ltr'>modi</span> <span class='ocrx_word' id='word_1_37' title='bbox 1051 1068 1105 1111; x_wconf 91' lang='lat' dir='ltr'>res</span> <span class='ocrx_word' id='word_1_38' title='bbox 1120 1047 1234 1111; x_wconf 92' lang='lat' dir='ltr'>nescio</span> <span class='ocrx_word' id='word_1_39' title='bbox 1250 1068 1318 1129; x_wconf 94' lang='lat' dir='ltr'>quo</span> <span class='ocrx_word' id='word_1_40' title='bbox 1335 1049 1442 1124; x_wconf 90' lang='lat' dir='ltr'>modo,</span> 
     </span>
     <span class='ocr_line' id='line_1_6' title="bbox 318 1151 1444 1235; baseline -0.003 -18"><span class='ocrx_word' id='word_1_41' title='bbox 318 1156 438 1227; x_wconf 76' lang='lat' dir='ltr'>setiam</span> <span class='ocrx_word' id='word_1_42' title='bbox 463 1174 537 1216; x_wconf 94' lang='lat' dir='ltr'>cum</span> <span class='ocrx_word' id='word_1_43' title='bbox 563 1153 726 1235; x_wconf 87' lang='lat' dir='ltr'>leguntur,</span> <span class='ocrx_word' id='word_1_44' title='bbox 743 1151 892 1233; x_wconf 85' lang='lat' dir='ltr'>obstrepi</span> <span class='ocrx_word' id='word_1_45' title='bbox 907 1151 1051 1214; x_wconf 91' lang='lat' dir='ltr'>clamore</span> <span class='ocrx_word' id='word_1_46' title='bbox 1075 1152 1217 1214; x_wconf 90' lang='lat' dir='ltr'>militum</span> <span class='ocrx_word' id='word_1_47' title='bbox 1232 1152 1391 1215; x_wconf 90' lang='lat' dir='ltr'>videntur</span> <span class='ocrx_word' id='word_1_48' title='bbox 1413 1162 1444 1215; x_wconf 93' lang='lat' dir='ltr'>et</span> 
     </span>
     <span class='ocr_line' id='line_1_7' title="bbox 340 1255 1442 1337; baseline -0.001 -17"><span class='ocrx_word' id='word_1_49' title='bbox 340 1258 494 1321; x_wconf 92' lang='lat' dir='ltr'>tubarum</span> <span class='ocrx_word' id='word_1_50' title='bbox 512 1278 602 1320; x_wconf 92' lang='lat' dir='ltr'>s0n0.</span> <span class='ocrx_word' id='word_1_51' title='bbox 650 1257 699 1318; x_wconf 88' lang='lat' dir='ltr'>At</span> <span class='ocrx_word' id='word_1_52' title='bbox 714 1276 793 1319; x_wconf 91' lang='lat' dir='ltr'>vero</span> <span class='ocrx_word' id='word_1_53' title='bbox 810 1276 884 1319; x_wconf 93' lang='lat' dir='ltr'>cum</span> <span class='ocrx_word' id='word_1_54' title='bbox 902 1255 1024 1337; x_wconf 91' lang='lat' dir='ltr'>aliquid</span> <span class='ocrx_word' id='word_1_55' title='bbox 1049 1256 1240 1331; x_wconf 89' lang='lat' dir='ltr'>clementer,</span> <span class='ocrx_word' id='word_1_56' title='bbox 1257 1267 1442 1331; x_wconf 87' lang='lat' dir='ltr'>mansuete,</span> 
     </span>
     <span class='ocr_line' id='line_1_8' title="bbox 341 1359 1442 1441; baseline -0.003 -17"><span class='ocrx_word' id='word_1_57' title='bbox 341 1361 435 1436; x_wconf 88' lang='lat' dir='ltr'>iuste,</span> <span class='ocrx_word' id='word_1_58' title='bbox 457 1361 635 1435; x_wconf 90' lang='lat' dir='ltr'>moderate,</span> <span class='ocrx_word' id='word_1_59' title='bbox 653 1360 821 1441; x_wconf 84' lang='lat' dir='ltr'>sapienter</span> <span class='ocrx_word' id='word_1_60' title='bbox 837 1360 973 1434; x_wconf 87' lang='lat' dir='ltr'>factum,</span> <span class='ocrx_word' id='word_1_61' title='bbox 991 1359 1024 1421; x_wconf 93' lang='lat' dir='ltr'>in</span> <span class='ocrx_word' id='word_1_62' title='bbox 1048 1360 1220 1422; x_wconf 84' lang='lat' dir='ltr'>iracundia</span> <span class='ocrx_word' id='word_1_63' title='bbox 1237 1362 1442 1441; x_wconf 89' lang='lat' dir='ltr'>praesertim,</span> 
     </span>
     <span class='ocr_line' id='line_1_9' title="bbox 341 1462 1444 1549; baseline -0.001 -22"><span class='ocrx_word' id='word_1_64' title='bbox 341 1486 426 1549; x_wconf 88' lang='lat' dir='ltr'>quae</span> <span class='ocrx_word' id='word_1_65' title='bbox 442 1476 493 1528; x_wconf 92' lang='lat' dir='ltr'>est</span> <span class='ocrx_word' id='word_1_66' title='bbox 509 1464 640 1527; x_wconf 90' lang='lat' dir='ltr'>inimica</span> <span class='ocrx_word' id='word_1_67' title='bbox 653 1465 798 1539; x_wconf 91' lang='lat' dir='ltr'>consilio,</span> <span class='ocrx_word' id='word_1_68' title='bbox 810 1472 843 1526; x_wconf 93' lang='lat' dir='ltr'>et</span> <span class='ocrx_word' id='word_1_69' title='bbox 859 1465 893 1525; x_wconf 94' lang='lat' dir='ltr'>in</span> <span class='ocrx_word' id='word_1_70' title='bbox 908 1462 1054 1539; x_wconf 90' lang='lat' dir='ltr'>victoria,</span> <span class='ocrx_word' id='word_1_71' title='bbox 1066 1483 1153 1545; x_wconf 90' lang='lat' dir='ltr'>quae</span> <span class='ocrx_word' id='word_1_72' title='bbox 1166 1472 1285 1526; x_wconf 90' lang='lat' dir='ltr'>natura</span> <span class='ocrx_word' id='word_1_73' title='bbox 1296 1464 1444 1527; x_wconf 90' lang='lat' dir='ltr'>insolens</span> 
     </span>
     <span class='ocr_line' id='line_1_10' title="bbox 341 1566 1446 1651; baseline -0.005 -17"><span class='ocrx_word' id='word_1_74' title='bbox 341 1581 375 1634; x_wconf 93' lang='lat' dir='ltr'>et</span> <span class='ocrx_word' id='word_1_75' title='bbox 391 1569 534 1651; x_wconf 89' lang='lat' dir='ltr'>superba</span> <span class='ocrx_word' id='word_1_76' title='bbox 551 1577 610 1643; x_wconf 91' lang='lat' dir='ltr'>est,</span> <span class='ocrx_word' id='word_1_77' title='bbox 629 1569 780 1630; x_wconf 88' lang='lat' dir='ltr'>audimus</span> <span class='ocrx_word' id='word_1_78' title='bbox 797 1576 854 1630; x_wconf 92' lang='lat' dir='ltr'>aut</span> <span class='ocrx_word' id='word_1_79' title='bbox 867 1567 1016 1649; x_wconf 87' lang='lat' dir='ltr'>legimus,</span> <span class='ocrx_word' id='word_1_80' title='bbox 1030 1587 1096 1649; x_wconf 93' lang='lat' dir='ltr'>quo</span> <span class='ocrx_word' id='word_1_81' title='bbox 1114 1566 1223 1630; x_wconf 92' lang='lat' dir='ltr'>studio</span> <span class='ocrx_word' id='word_1_82' title='bbox 1235 1568 1446 1631; x_wconf 87' lang='lat' dir='ltr'>incendimur</span> 
     </span>
     <span class='ocr_line' id='line_1_11' title="bbox 307 1670 1445 1754; baseline -0.001 -19"><span class='ocrx_word' id='word_1_83' title='bbox 307 1702 334 1735; x_wconf 83' lang='grc' dir='ltr'>ιο</span> <span class='ocrx_word' id='word_1_84' title='bbox 343 1694 408 1743; x_wconf 86' lang='lat' dir='ltr'>non</span> <span class='ocrx_word' id='word_1_85' title='bbox 426 1674 523 1736; x_wconf 93' lang='lat' dir='ltr'>modo</span> <span class='ocrx_word' id='word_1_86' title='bbox 540 1673 572 1733; x_wconf 92' lang='lat' dir='ltr'>in</span> <span class='ocrx_word' id='word_1_87' title='bbox 590 1672 693 1753; x_wconf 87' lang='lat' dir='ltr'>gestis</span> <span class='ocrx_word' id='word_1_88' title='bbox 709 1670 817 1746; x_wconf 92' lang='lat' dir='ltr'>rebus,</span> <span class='ocrx_word' id='word_1_89' title='bbox 836 1670 894 1733; x_wconf 93' lang='lat' dir='ltr'>sed</span> <span class='ocrx_word' id='word_1_90' title='bbox 911 1671 1009 1733; x_wconf 91' lang='lat' dir='ltr'>etiam</span> <span class='ocrx_word' id='word_1_91' title='bbox 1033 1670 1067 1732; x_wconf 94' lang='lat' dir='ltr'>in</span> <span class='ocrx_word' id='word_1_92' title='bbox 1091 1671 1184 1746; x_wconf 71' lang='lat' dir='ltr'>fictis</span> <span class='ocrx_word' id='word_1_93' title='bbox 1202 1680 1238 1734; x_wconf 90' lang='lat' dir='ltr'>ut</span> <span class='ocrx_word' id='word_1_94' title='bbox 1261 1691 1321 1736; x_wconf 90' lang='lat' dir='ltr'>eos</span> <span class='ocrx_word' id='word_1_95' title='bbox 1345 1691 1445 1754; x_wconf 90' lang='lat' dir='ltr'>saepe</span> 
     </span>
     <span class='ocr_line' id='line_1_12' title="bbox 342 1774 1446 1860; baseline -0.001 -20"><span class='ocrx_word' id='word_1_96' title='bbox 342 1798 425 1860; x_wconf 94' lang='lat' dir='ltr'>quos</span> <span class='ocrx_word' id='word_1_97' title='bbox 446 1797 626 1859; x_wconf 90' lang='lat' dir='ltr'>numquam</span> <span class='ocrx_word' id='word_1_98' title='bbox 643 1776 784 1838; x_wconf 90' lang='lat' dir='ltr'>vidimus</span> <span class='ocrx_word' id='word_1_99' title='bbox 808 1774 1003 1856; x_wconf 80' lang='lat' dir='ltr'>diligamus!</span> <span class='ocrx_word' id='word_1_100' title='bbox 1049 1775 1100 1838; x_wconf 90' lang='lat' dir='ltr'>Te</span> <span class='ocrx_word' id='word_1_101' title='bbox 1122 1795 1212 1851; x_wconf 89' lang='lat' dir='ltr'>vero,</span> <span class='ocrx_word' id='word_1_102' title='bbox 1229 1795 1331 1857; x_wconf 91' lang='lat' dir='ltr'>quem</span> <span class='ocrx_word' id='word_1_103' title='bbox 1356 1795 1446 1858; x_wconf 80' lang='lat' dir='ltr'>prae</span> 
     </span>
     <span class='ocr_line' id='line_1_13' title="bbox 343 1880 1445 1961; baseline -0.003 -16"><span class='ocrx_word' id='word_1_104' title='bbox 343 1891 469 1945; x_wconf 88' lang='lat' dir='ltr'>sentem</span> <span class='ocrx_word' id='word_1_105' title='bbox 495 1880 668 1955; x_wconf 85' lang='lat' dir='ltr'>intuemur,</span> <span class='ocrx_word' id='word_1_106' title='bbox 687 1880 780 1943; x_wconf 89' lang='lat' dir='ltr'>cuius</span> <span class='ocrx_word' id='word_1_107' title='bbox 802 1890 947 1942; x_wconf 91' lang='lat' dir='ltr'>mentem</span> <span class='ocrx_word' id='word_1_108' title='bbox 965 1899 1149 1961; x_wconf 90' lang='lat' dir='ltr'>sensusque</span> <span class='ocrx_word' id='word_1_109' title='bbox 1166 1889 1200 1942; x_wconf 92' lang='lat' dir='ltr'>et</span> <span class='ocrx_word' id='word_1_110' title='bbox 1215 1900 1252 1942; x_wconf 94' lang='lat' dir='ltr'>os</span> <span class='ocrx_word' id='word_1_111' title='bbox 1268 1880 1445 1955; x_wconf 90' lang='lat' dir='ltr'>cernimus,</span> 
     </span>
     <span class='ocr_line' id='line_1_14' title="bbox 344 1981 1447 2066; baseline -0.002 -19"><span class='ocrx_word' id='word_1_112' title='bbox 344 1994 388 2061; x_wconf 93' lang='lat' dir='ltr'>ut,</span> <span class='ocrx_word' id='word_1_113' title='bbox 406 1985 562 2066; x_wconf 91' lang='lat' dir='ltr'>quicquid</span> <span class='ocrx_word' id='word_1_114' title='bbox 585 1983 663 2046; x_wconf 90' lang='lat' dir='ltr'>belli</span> <span class='ocrx_word' id='word_1_115' title='bbox 682 1984 818 2047; x_wconf 84' lang='lat' dir='ltr'>fortuna</span> <span class='ocrx_word' id='word_1_116' title='bbox 840 1983 1003 2065; x_wconf 91' lang='lat' dir='ltr'>reliquum</span> <span class='ocrx_word' id='word_1_117' title='bbox 1027 1983 1074 2045; x_wconf 91' lang='lat' dir='ltr'>rei</span> <span class='ocrx_word' id='word_1_118' title='bbox 1097 1981 1252 2065; x_wconf 92' lang='lat' dir='ltr'>publicae</span> <span class='ocrx_word' id='word_1_119' title='bbox 1268 1984 1399 2058; x_wconf 89' lang='lat' dir='ltr'>fecerit,</span> <span class='ocrx_word' id='word_1_120' title='bbox 1414 1982 1447 2046; x_wconf 93' lang='lat' dir='ltr'>id</span> 
     </span>
     <span class='ocr_line' id='line_1_15' title="bbox 343 2087 1448 2169; baseline -0.003 -17"><span class='ocrx_word' id='word_1_121' title='bbox 343 2109 417 2153; x_wconf 92' lang='lat' dir='ltr'>esse</span> <span class='ocrx_word' id='word_1_122' title='bbox 434 2090 560 2151; x_wconf 91' lang='lat' dir='ltr'>salvum</span> <span class='ocrx_word' id='word_1_123' title='bbox 576 2088 667 2162; x_wconf 79' lang='lat' dir='ltr'>veliS,</span> <span class='ocrx_word' id='word_1_124' title='bbox 681 2087 800 2169; x_wconf 90' lang='lat' dir='ltr'>quibus</span> <span class='ocrx_word' id='word_1_125' title='bbox 818 2087 969 2150; x_wconf 86' lang='lat' dir='ltr'>laudibus</span> <span class='ocrx_word' id='word_1_126' title='bbox 985 2087 1175 2163; x_wconf 85' lang='lat' dir='ltr'>efferemus,</span> <span class='ocrx_word' id='word_1_127' title='bbox 1192 2087 1314 2169; x_wconf 91' lang='lat' dir='ltr'>quibus</span> <span class='ocrx_word' id='word_1_128' title='bbox 1331 2087 1448 2150; x_wconf 92' lang='lat' dir='ltr'>studiis</span> 
     </span>
     <span class='ocr_line' id='line_1_16' title="bbox 308 2189 1448 2275; baseline -0.004 -18"><span class='ocrx_word' id='word_1_129' title='bbox 308 2222 333 2271; x_wconf 78' lang='grc' dir='ltr'>ις</span> <span class='ocrx_word' id='word_1_130' title='bbox 345 2212 590 2275; x_wconf 86' lang='lat' dir='ltr'>prosequemur,</span> <span class='ocrx_word' id='word_1_131' title='bbox 623 2212 688 2273; x_wconf 91' lang='lat' dir='ltr'>qua</span> <span class='ocrx_word' id='word_1_132' title='bbox 714 2191 948 2254; x_wconf 86' lang='lat' dir='ltr'>benevolentia</span> <span class='ocrx_word' id='word_1_133' title='bbox 974 2189 1252 2272; x_wconf 89' lang='lat' dir='ltr'>complectemur!</span> <span class='ocrx_word' id='word_1_134' title='bbox 1302 2191 1448 2255; x_wconf 90' lang='lat' dir='ltr'>Parietes</span> 
     </span>
     <span class='ocr_line' id='line_1_17' title="bbox 343 2293 1449 2376; baseline 0 -19"><span class='ocrx_word' id='word_1_135' title='bbox 343 2296 471 2358; x_wconf 92' lang='lat' dir='ltr'>medius</span> <span class='ocrx_word' id='word_1_136' title='bbox 496 2296 601 2370; x_wconf 85' lang='lat' dir='ltr'>fidius,</span> <span class='ocrx_word' id='word_1_137' title='bbox 626 2303 662 2356; x_wconf 95' lang='lat' dir='ltr'>ut</span> <span class='ocrx_word' id='word_1_138' title='bbox 695 2293 775 2355; x_wconf 92' lang='lat' dir='ltr'>mibi</span> <span class='ocrx_word' id='word_1_139' title='bbox 804 2294 945 2369; x_wconf 88' lang='lat' dir='ltr'>videtur,</span> <span class='ocrx_word' id='word_1_140' title='bbox 973 2293 1072 2357; x_wconf 92' lang='lat' dir='ltr'>huius</span> <span class='ocrx_word' id='word_1_141' title='bbox 1095 2293 1206 2357; x_wconf 92' lang='lat' dir='ltr'>curiae</span> <span class='ocrx_word' id='word_1_142' title='bbox 1236 2293 1297 2357; x_wconf 92' lang='lat' dir='ltr'>tibi</span> <span class='ocrx_word' id='word_1_143' title='bbox 1324 2296 1449 2376; x_wconf 88' lang='lat' dir='ltr'>gratias</span> 
     </span>
     <span class='ocr_line' id='line_1_18' title="bbox 345 2398 1450 2482; baseline 0 -19"><span class='ocrx_word' id='word_1_144' title='bbox 345 2422 445 2482; x_wconf 88' lang='lat' dir='ltr'>agere</span> <span class='ocrx_word' id='word_1_145' title='bbox 462 2403 617 2481; x_wconf 86' lang='lat' dir='ltr'>gestiunt,</span> <span class='ocrx_word' id='word_1_146' title='bbox 635 2401 724 2482; x_wconf 92' lang='lat' dir='ltr'>quod</span> <span class='ocrx_word' id='word_1_147' title='bbox 740 2399 831 2464; x_wconf 91' lang='lat' dir='ltr'>brevi</span> <span class='ocrx_word' id='word_1_148' title='bbox 849 2410 998 2480; x_wconf 90' lang='lat' dir='ltr'>tempore</span> <span class='ocrx_word' id='word_1_149' title='bbox 1014 2401 1128 2462; x_wconf 80' lang='lat' dir='ltr'>lutura</span> <span class='ocrx_word' id='word_1_150' title='bbox 1143 2398 1186 2462; x_wconf 93' lang='lat' dir='ltr'>sit</span> <span class='ocrx_word' id='word_1_151' title='bbox 1201 2398 1257 2462; x_wconf 92' lang='lat' dir='ltr'>illa</span> <span class='ocrx_word' id='word_1_152' title='bbox 1269 2401 1450 2463; x_wconf 90' lang='lat' dir='ltr'>auctoritas</span> 
     </span>
     <span class='ocr_line' id='line_1_19' title="bbox 344 2503 1069 2567; baseline -0.001 0"><span class='ocrx_word' id='word_1_153' title='bbox 344 2506 379 2567; x_wconf 93' lang='lat' dir='ltr'>in</span> <span class='ocrx_word' id='word_1_154' title='bbox 396 2506 446 2566; x_wconf 93' lang='lat' dir='ltr'>his</span> <span class='ocrx_word' id='word_1_155' title='bbox 463 2507 622 2566; x_wconf 91' lang='lat' dir='ltr'>maiorum</span> <span class='ocrx_word' id='word_1_156' title='bbox 642 2525 775 2567; x_wconf 92' lang='lat' dir='ltr'>suorum</span> <span class='ocrx_word' id='word_1_157' title='bbox 792 2514 825 2567; x_wconf 86' lang='lat' dir='ltr'>et</span> <span class='ocrx_word' id='word_1_158' title='bbox 842 2503 909 2566; x_wconf 90' lang='lat' dir='ltr'>suis</span> <span class='ocrx_word' id='word_1_159' title='bbox 926 2503 1069 2566; x_wconf 86' lang='lat' dir='ltr'>sedibus.</span> 
     </span>
     <span class='ocr_line' id='line_1_20' title="bbox 388 2606 1452 2690; baseline 0.002 -21"><span class='ocrx_word' id='word_1_160' title='bbox 388 2628 417 2685; x_wconf 85' lang='lat'>4.</span> <span class='ocrx_word' id='word_1_161' title='bbox 452 2609 615 2689; x_wconf 87' lang='lat' dir='ltr'>Equidem</span> <span class='ocrx_word' id='word_1_162' title='bbox 633 2628 708 2670; x_wconf 89' lang='lat' dir='ltr'>cum</span> <span class='ocrx_word' id='word_1_163' title='bbox 725 2610 761 2672; x_wconf 90' lang='lat' dir='ltr'>C.</span> <span class='ocrx_word' id='word_1_164' title='bbox 781 2608 941 2683; x_wconf 88' lang='lat' dir='ltr'>Marcelli,</span> <span class='ocrx_word' id='word_1_165' title='bbox 954 2607 1017 2671; x_wconf 89' lang='lat' dir='ltr'>viri</span> <span class='ocrx_word' id='word_1_166' title='bbox 1032 2606 1149 2690; x_wconf 91' lang='lat' dir='ltr'>optimi</span> <span class='ocrx_word' id='word_1_167' title='bbox 1165 2616 1199 2671; x_wconf 89' lang='lat' dir='ltr'>et</span> <span class='ocrx_word' id='word_1_168' title='bbox 1214 2627 1452 2671; x_wconf 91' lang='lat' dir='ltr'>commemora·</span> 
     </span>
     <span class='ocr_line' id='line_1_21' title="bbox 308 2711 1451 2792; baseline -0.002 -17"><span class='ocrx_word' id='word_1_169' title='bbox 308 2711 402 2775; x_wconf 74' lang='lat' dir='ltr'>zobili</span> <span class='ocrx_word' id='word_1_170' title='bbox 434 2713 556 2792; x_wconf 87' lang='lat' dir='ltr'>pietate</span> <span class='ocrx_word' id='word_1_171' title='bbox 587 2712 736 2792; x_wconf 85' lang='lat' dir='ltr'>praediti,</span> <span class='ocrx_word' id='word_1_172' title='bbox 769 2711 921 2774; x_wconf 90' lang='lat' dir='ltr'>lacrimas</span> <span class='ocrx_word' id='word_1_173' title='bbox 952 2711 1051 2774; x_wconf 93' lang='lat' dir='ltr'>modo</span> <span class='ocrx_word' id='word_1_174' title='bbox 1088 2711 1260 2774; x_wconf 90' lang='lat' dir='ltr'>vobiscum</span> <span class='ocrx_word' id='word_1_175' title='bbox 1292 2712 1451 2786; x_wconf 92' lang='lat' dir='ltr'>viderem,</span> 
     </span>
     <span class='ocr_line' id='line_1_22' title="bbox 346 2814 1453 2898; baseline -0.002 -20"><span class='ocrx_word' id='word_1_176' title='bbox 346 2816 492 2879; x_wconf 92' lang='lat' dir='ltr'>omnium</span> <span class='ocrx_word' id='word_1_177' title='bbox 520 2816 754 2878; x_wconf 90' lang='lat' dir='ltr'>Marcellorum</span> <span class='ocrx_word' id='word_1_178' title='bbox 778 2836 889 2878; x_wconf 92' lang='lat' dir='ltr'>meum</span> <span class='ocrx_word' id='word_1_179' title='bbox 913 2825 1030 2896; x_wconf 91' lang='lat' dir='ltr'>pectus</span> <span class='ocrx_word' id='word_1_180' title='bbox 1053 2814 1212 2878; x_wconf 91' lang='lat' dir='ltr'>memoria</span> <span class='ocrx_word' id='word_1_181' title='bbox 1235 2815 1368 2890; x_wconf 82' lang='lat' dir='ltr'>offudit,</span> <span class='ocrx_word' id='word_1_182' title='bbox 1387 2816 1453 2898; x_wconf 93' lang='lat' dir='ltr'>qui·</span> 
     </span>
     <span class='ocr_line' id='line_1_23' title="bbox 347 2918 1453 3000; baseline -0.001 -19"><span class='ocrx_word' id='word_1_183' title='bbox 347 2919 409 2981; x_wconf 92' lang='lat' dir='ltr'>bus</span> <span class='ocrx_word' id='word_1_184' title='bbox 432 2930 467 2982; x_wconf 96' lang='lat' dir='ltr'>tu</span> <span class='ocrx_word' id='word_1_185' title='bbox 491 2920 590 2981; x_wconf 91' lang='lat' dir='ltr'>etiam</span> <span class='ocrx_word' id='word_1_186' title='bbox 616 2922 751 2982; x_wconf 88' lang='lat' dir='ltr'>mortuis</span> <span class='ocrx_word' id='word_1_187' title='bbox 777 2922 823 2981; x_wconf 91' lang='lat' dir='ltr'>M.</span> <span class='ocrx_word' id='word_1_188' title='bbox 851 2919 1011 2982; x_wconf 91' lang='lat' dir='ltr'>Marcello</span> <span class='ocrx_word' id='word_1_189' title='bbox 1034 2929 1229 2982; x_wconf 90' lang='lat' dir='ltr'>conservato</span> <span class='ocrx_word' id='word_1_190' title='bbox 1253 2918 1453 3000; x_wconf 88' lang='lat' dir='ltr'>dignitatem</span> 
     </span>
     <span class='ocr_line' id='line_1_24' title="bbox 348 3022 1453 3105; baseline 0 -19"><span class='ocrx_word' id='word_1_191' title='bbox 348 3044 441 3086; x_wconf 89' lang='lat' dir='ltr'>suam</span> <span class='ocrx_word' id='word_1_192' title='bbox 458 3023 637 3097; x_wconf 88' lang='lat' dir='ltr'>reddidisti,</span> <span class='ocrx_word' id='word_1_193' title='bbox 656 3023 961 3105; x_wconf 92' lang='lat' dir='ltr'>nobilissimamque</span> <span class='ocrx_word' id='word_1_194' title='bbox 985 3023 1146 3086; x_wconf 84' lang='lat' dir='ltr'>familiam</span> <span class='ocrx_word' id='word_1_195' title='bbox 1170 3022 1235 3085; x_wconf 92' lang='lat' dir='ltr'>iam</span> <span class='ocrx_word' id='word_1_196' title='bbox 1259 3024 1302 3085; x_wconf 92' lang='lat' dir='ltr'>ad</span> <span class='ocrx_word' id='word_1_197' title='bbox 1327 3043 1453 3104; x_wconf 91' lang='lat' dir='ltr'>paucos</span> 
     </span>
     <span class='ocr_line' id='line_1_25' title="bbox 348 3127 1455 3208; baseline -0.001 -19"><span class='ocrx_word' id='word_1_198' title='bbox 348 3128 515 3190; x_wconf 90' lang='lat' dir='ltr'>redactam</span> <span class='ocrx_word' id='word_1_199' title='bbox 548 3148 653 3208; x_wconf 89' lang='lat' dir='ltr'>paene</span> <span class='ocrx_word' id='word_1_200' title='bbox 685 3128 726 3189; x_wconf 92' lang='lat' dir='ltr'>ab</span> <span class='ocrx_word' id='word_1_201' title='bbox 757 3127 891 3190; x_wconf 92' lang='lat' dir='ltr'>interitu</span> <span class='ocrx_word' id='word_1_202' title='bbox 916 3127 1099 3190; x_wconf 89' lang='lat' dir='ltr'>vindicasti.</span> <span class='ocrx_word' id='word_1_203' title='bbox 1162 3127 1266 3190; x_wconf 94' lang='lat' dir='ltr'>Hunc</span> <span class='ocrx_word' id='word_1_204' title='bbox 1288 3136 1326 3189; x_wconf 92' lang='lat' dir='ltr'>tu</span> <span class='ocrx_word' id='word_1_205' title='bbox 1353 3127 1455 3208; x_wconf 87' lang='lat' dir='ltr'>igitur</span> 
     </span>
     <span class='ocr_line' id='line_1_26' title="bbox 311 3229 1455 3311; baseline 0.002 -20"><span class='ocrx_word' id='word_1_206' title='bbox 311 3258 337 3305; x_wconf 83' lang='lat'>25</span> <span class='ocrx_word' id='word_1_207' title='bbox 349 3231 436 3292; x_wconf 90' lang='lat' dir='ltr'>diem</span> <span class='ocrx_word' id='word_1_208' title='bbox 453 3231 518 3293; x_wconf 93' lang='lat' dir='ltr'>tuis</span> <span class='ocrx_word' id='word_1_209' title='bbox 534 3231 684 3293; x_wconf 87' lang='lat' dir='ltr'>maximis</span> <span class='ocrx_word' id='word_1_210' title='bbox 708 3240 740 3294; x_wconf 89' lang='lat' dir='ltr'>et</span> <span class='ocrx_word' id='word_1_211' title='bbox 763 3230 1059 3293; x_wconf 89' lang='lat' dir='ltr'>innumerabilibus</span> <span class='ocrx_word' id='word_1_212' title='bbox 1083 3229 1363 3311; x_wconf 85' lang='lat' dir='ltr'>gratulationibus</span> <span class='ocrx_word' id='word_1_213' title='bbox 1383 3231 1455 3293; x_wconf 91' lang='lat' dir='ltr'>iure</span> 
     </span>
     <span class='ocr_line' id='line_1_27' title="bbox 349 3333 1453 3416; baseline 0 -20"><span class='ocrx_word' id='word_1_214' title='bbox 349 3345 542 3415; x_wconf 90' lang='lat' dir='ltr'>antepones.</span> <span class='ocrx_word' id='word_1_215' title='bbox 591 3336 686 3398; x_wconf 92' lang='lat' dir='ltr'>Haec</span> <span class='ocrx_word' id='word_1_216' title='bbox 705 3336 793 3398; x_wconf 93' lang='lat' dir='ltr'>enim</span> <span class='ocrx_word' id='word_1_217' title='bbox 816 3355 869 3397; x_wconf 94' lang='lat' dir='ltr'>res</span> <span class='ocrx_word' id='word_1_218' title='bbox 886 3336 983 3396; x_wconf 93' lang='lat' dir='ltr'>unius</span> <span class='ocrx_word' id='word_1_219' title='bbox 1000 3344 1052 3397; x_wconf 92' lang='lat' dir='ltr'>est</span> <span class='ocrx_word' id='word_1_220' title='bbox 1067 3335 1202 3416; x_wconf 89' lang='lat' dir='ltr'>propria</span> <span class='ocrx_word' id='word_1_221' title='bbox 1224 3333 1260 3397; x_wconf 90' lang='lat' dir='ltr'>C.</span> <span class='ocrx_word' id='word_1_222' title='bbox 1280 3334 1453 3411; x_wconf 89' lang='lat' dir='ltr'>Caesaris;</span> 
     </span>
     <span class='ocr_line' id='line_1_28' title="bbox 349 3437 1454 3519; baseline -0.001 -19"><span class='ocrx_word' id='word_1_223' title='bbox 349 3447 479 3500; x_wconf 90' lang='lat' dir='ltr'>ceterae</span> <span class='ocrx_word' id='word_1_224' title='bbox 510 3440 593 3501; x_wconf 92' lang='lat' dir='ltr'>duce</span> <span class='ocrx_word' id='word_1_225' title='bbox 617 3448 649 3501; x_wconf 93' lang='lat' dir='ltr'>te</span> <span class='ocrx_word' id='word_1_226' title='bbox 673 3449 788 3519; x_wconf 88' lang='lat' dir='ltr'>gestae</span> <span class='ocrx_word' id='word_1_227' title='bbox 811 3459 953 3519; x_wconf 89' lang='lat' dir='ltr'>magnae</span> <span class='ocrx_word' id='word_1_228' title='bbox 977 3438 1051 3501; x_wconf 93' lang='lat' dir='ltr'>illae</span> <span class='ocrx_word' id='word_1_229' title='bbox 1082 3437 1225 3519; x_wconf 90' lang='lat' dir='ltr'>quidem,</span> <span class='ocrx_word' id='word_1_230' title='bbox 1254 3437 1314 3500; x_wconf 89' lang='lat' dir='ltr'>sed</span> <span class='ocrx_word' id='word_1_231' title='bbox 1341 3447 1454 3501; x_wconf 90' lang='lat' dir='ltr'>tamen</span> 
     </span>
     <span class='ocr_line' id='line_1_29' title="bbox 350 3540 1454 3623; baseline 0.001 -21"><span class='ocrx_word' id='word_1_232' title='bbox 350 3542 453 3604; x_wconf 94' lang='lat' dir='ltr'>multo</span> <span class='ocrx_word' id='word_1_233' title='bbox 477 3562 666 3623; x_wconf 90' lang='lat' dir='ltr'>magnoque</span> <span class='ocrx_word' id='word_1_234' title='bbox 689 3542 856 3605; x_wconf 89' lang='lat' dir='ltr'>comitatu.</span> <span class='ocrx_word' id='word_1_235' title='bbox 905 3543 1015 3604; x_wconf 91' lang='lat' dir='ltr'>Huius</span> <span class='ocrx_word' id='word_1_236' title='bbox 1040 3550 1151 3604; x_wconf 91' lang='lat' dir='ltr'>autem</span> <span class='ocrx_word' id='word_1_237' title='bbox 1175 3541 1223 3604; x_wconf 91' lang='lat' dir='ltr'>rei</span> <span class='ocrx_word' id='word_1_238' title='bbox 1245 3550 1282 3603; x_wconf 92' lang='lat' dir='ltr'>tu</span> <span class='ocrx_word' id='word_1_239' title='bbox 1304 3540 1395 3604; x_wconf 91' lang='lat' dir='ltr'>idem</span> <span class='ocrx_word' id='word_1_240' title='bbox 1420 3561 1454 3604; x_wconf 91' lang='lat' dir='ltr'>es</span> 
     </span>
     <span class='ocr_line' id='line_1_30' title="bbox 351 3645 1455 3728; baseline -0.002 -20"><span class='ocrx_word' id='word_1_241' title='bbox 351 3653 384 3708; x_wconf 90' lang='lat' dir='ltr'>et</span> <span class='ocrx_word' id='word_1_242' title='bbox 397 3645 463 3707; x_wconf 87' lang='lat' dir='ltr'>dux</span> <span class='ocrx_word' id='word_1_243' title='bbox 473 3655 505 3708; x_wconf 91' lang='lat' dir='ltr'>et</span> <span class='ocrx_word' id='word_1_244' title='bbox 518 3666 629 3708; x_wconf 92' lang='lat' dir='ltr'>comes</span> <span class='ocrx_word' id='word_1_245' title='bbox 641 3666 647 3720; x_wconf 95' lang='lat'>;</span> <span class='ocrx_word' id='word_1_246' title='bbox 672 3667 756 3728; x_wconf 89' lang='lat' dir='ltr'>quae</span> <span class='ocrx_word' id='word_1_247' title='bbox 770 3646 904 3728; x_wconf 91' lang='lat' dir='ltr'>quidem</span> <span class='ocrx_word' id='word_1_248' title='bbox 917 3654 1009 3708; x_wconf 90' lang='lat' dir='ltr'>tanta</span> <span class='ocrx_word' id='word_1_249' title='bbox 1021 3654 1072 3708; x_wconf 92' lang='lat' dir='ltr'>est</span> <span class='ocrx_word' id='word_1_250' title='bbox 1085 3655 1120 3707; x_wconf 94' lang='lat' dir='ltr'>ut</span> <span class='ocrx_word' id='word_1_251' title='bbox 1133 3645 1278 3725; x_wconf 90' lang='lat' dir='ltr'>tropaeis</span> <span class='ocrx_word' id='word_1_252' title='bbox 1291 3654 1326 3709; x_wconf 93' lang='lat' dir='ltr'>et</span> <span class='ocrx_word' id='word_1_253' title='bbox 1343 3665 1455 3708; x_wconf 94' lang='lat' dir='ltr'>monu-</span> 
     </span>
     <span class='ocr_line' id='line_1_31' title="bbox 314 3748 1455 3830; baseline 0.004 -24"><span class='ocrx_word' id='word_1_254' title='bbox 314 3773 342 3820; x_wconf 88' lang='lat'>30</span> <span class='ocrx_word' id='word_1_255' title='bbox 352 3748 471 3811; x_wconf 90' lang='lat' dir='ltr'>mentis</span> <span class='ocrx_word' id='word_1_256' title='bbox 486 3751 552 3811; x_wconf 90' lang='lat' dir='ltr'>tuis</span> <span class='ocrx_word' id='word_1_257' title='bbox 568 3750 718 3813; x_wconf 89' lang='lat' dir='ltr'>adlatura</span> <span class='ocrx_word' id='word_1_258' title='bbox 734 3751 833 3812; x_wconf 88' lang='lat' dir='ltr'>linem</span> <span class='ocrx_word' id='word_1_259' title='bbox 850 3751 893 3813; x_wconf 93' lang='lat' dir='ltr'>sit</span> <span class='ocrx_word' id='word_1_260' title='bbox 908 3760 1051 3812; x_wconf 89' lang='lat' dir='ltr'>aetas-</span> <span class='ocrx_word' id='word_1_261' title='bbox 1063 3748 1145 3810; x_wconf 88' lang='lat' dir='ltr'>nihil</span> <span class='ocrx_word' id='word_1_262' title='bbox 1168 3757 1219 3811; x_wconf 90' lang='lat' dir='ltr'>est</span> <span class='ocrx_word' id='word_1_263' title='bbox 1242 3749 1332 3811; x_wconf 90' lang='lat' dir='ltr'>enim</span> <span class='ocrx_word' id='word_1_264' title='bbox 1355 3768 1455 3830; x_wconf 90' lang='lat' dir='ltr'>opere</span> 
     </span>
     <span class='ocr_line' id='line_1_32' title="bbox 352 3849 1455 3936; baseline 0 -22"><span class='ocrx_word' id='word_1_265' title='bbox 352 3863 386 3915; x_wconf 92' lang='lat' dir='ltr'>et</span> <span class='ocrx_word' id='word_1_266' title='bbox 402 3873 502 3915; x_wconf 93' lang='lat' dir='ltr'>manu</span> <span class='ocrx_word' id='word_1_267' title='bbox 518 3853 654 3926; x_wconf 90' lang='lat' dir='ltr'>iactum,</span> <span class='ocrx_word' id='word_1_268' title='bbox 672 3854 760 3935; x_wconf 95' lang='lat' dir='ltr'>quod</span> <span class='ocrx_word' id='word_1_269' title='bbox 777 3875 843 3916; x_wconf 95' lang='lat' dir='ltr'>non</span> <span class='ocrx_word' id='word_1_270' title='bbox 860 3853 1038 3936; x_wconf 91' lang='lat' dir='ltr'>aliquando</span> <span class='ocrx_word' id='word_1_271' title='bbox 1055 3851 1207 3915; x_wconf 84' lang='lat' dir='ltr'>conficiat</span> <span class='ocrx_word' id='word_1_272' title='bbox 1223 3860 1257 3914; x_wconf 89' lang='lat' dir='ltr'>et</span> <span class='ocrx_word' id='word_1_273' title='bbox 1280 3849 1455 3915; x_wconf 86' lang='lat' dir='ltr'>consumat</span> 
     </span>
     <span class='ocr_line' id='line_1_33' title="bbox 352 3955 1455 4021; baseline -0.001 -2"><span class='ocrx_word' id='word_1_274' title='bbox 352 3967 500 4019; x_wconf 91' lang='lat' dir='ltr'>vetustas</span> <span class='ocrx_word' id='word_1_275' title='bbox 510 3994 553 4002; x_wconf 92' lang='lat'><em>-</em></span> <span class='ocrx_word' id='word_1_276' title='bbox 563 3968 595 4018; x_wconf 91' lang='lat' dir='ltr'>at</span> <span class='ocrx_word' id='word_1_277' title='bbox 612 3958 694 4020; x_wconf 91' lang='lat' dir='ltr'>haec</span> <span class='ocrx_word' id='word_1_278' title='bbox 711 3966 769 4020; x_wconf 92' lang='lat' dir='ltr'>tua</span> <span class='ocrx_word' id='word_1_279' title='bbox 783 3957 908 4020; x_wconf 90' lang='lat' dir='ltr'>iustitia</span> <span class='ocrx_word' id='word_1_280' title='bbox 924 3967 957 4021; x_wconf 90' lang='lat' dir='ltr'>et</span> <span class='ocrx_word' id='word_1_281' title='bbox 970 3957 1087 4021; x_wconf 92' lang='lat' dir='ltr'>lenitas</span> <span class='ocrx_word' id='word_1_282' title='bbox 1104 3955 1205 4020; x_wconf 92' lang='lat' dir='ltr'>animi</span> <span class='ocrx_word' id='word_1_283' title='bbox 1218 3955 1365 4020; x_wconf 90' lang='lat' dir='ltr'>florescit</span> <span class='ocrx_word' id='word_1_284' title='bbox 1380 3956 1455 4019; x_wconf 91' lang='lat' dir='ltr'>coti·</span> 
     </span>
    </p>
   </div>
   <div class='ocr_carea' id='block_1_3' title="bbox 0 0 1711 4775">
    <p class='ocr_par' dir='ltr' id='par_1_3' title="bbox 0 0 1711 4775">
     <span class='ocr_line' id='line_1_34' title="bbox 0 0 1711 4775; baseline 0 0"><span class='ocrx_word' id='word_1_285' title='bbox 0 0 1711 4775; x_wconf 95' lang='lat' dir='ltr'> </span> 
     </span>
    </p>
   </div>
  </div>
 </body>
</html>
