3375 4775
338 568 398 629 144
687 558 865 609 omrrons
888 558 933 608 or
955 557 1082 608 mosao

333 736 404 799 eius
429 736 518 798 modi
537 735 700 817 quaedam
724 733 772 795 illr
794 743 923 814 antiqui
945 730 1108 814 supplicia
1126 731 1238 814 impiis
1257 730 1441 794 constitfita

333 861 407 903 esse
433 841 617 913 voluarunt,
650 838 737 919 quod
764 837 919 900 videlicet
949 836 1188 917 intellegabant
1219 837 1271 898 his
1303 844 1441 898 rematis

334 953 399 1007 nan
417 964 491 1006 esse
508 953 648 1006 mortem
664 943 772 1024 ipsam
789 940 1099 1024 pertimascendam.

333 1198 367 1259 Jt
389 1196 503 1258 would
530 1195 566 1258 bo
587 1196 653 1277 for
671 1216 725 1275 my
748 1194 882 1257 interest
913 1204 944 1256 to
966 1194 1074 1275 favor
1097 1190 1245 1256 Caesar's
1271 1194 1438 1275 proposal,

403 1302 468 1383 for
486 1301 527 1363 lte
548 1299 652 1362 voices
675 1298 728 1360 tlte
750 1298 943 1361 scno’meots
965 1298 1006 1379 of
1022 1297 1075 1359 tlte
1089 1297 1230 1380 perple‘s
1244 1307 1356 1379 party.

378 1482 407 1544 5.
441 1464 550 1539 Nunc,
564 1469 677 1544 patras
700 1469 889 1541 canscripti,
913 1480 978 1541 ego
997 1467 1071 1523 mea
1088 1460 1184 1523 videa
1200 1460 1280 1541 quid
1296 1461 1438 1523 intersit.

312 1569 372 1641 551
387 1569 477 1632 eritis
494 1574 599 1630 secati
615 1566 812 1629 sententiam
830 1565 865 1628 C.
885 1565 1047 1638 Caesaris,
1065 1562 1222 1645 quoniam
1242 1563 1329 1626 hanc
1353 1565 1381 1627 is
1404 1564 1438 1626 in

334 1681 370 1735 ra
393 1671 527 1755 pablica
549 1671 637 1732 viam
660 1690 747 1751 quae
771 1669 941 1750 popularis
965 1668 1106 1730 habetur
1129 1675 1264 1730 secatus
1288 1679 1349 1744 est,
1375 1670 1440 1731 for-

334 1786 423 1839 tasse
447 1777 556 1837 minus
579 1784 676 1837 erunt
699 1774 762 1835 hac
785 1760 920 1835 auctdre
944 1783 978 1835 et
1001 1774 1172 1853 cagnitare
1196 1771 1334 1835 huiusce
1367 1794 1440 1837 sen·

334 1880 458 1943 tentiae
482 1879 563 1941 mihi
585 1877 764 1960 populares
787 1877 932 1959 impetras
956 1877 1228 1959 pertinrascend13
1269 1886 1320 1939 sin
1348 1878 1438 1939 illam

335 1986 482 2057 alteram,
499 1984 612 2045 nescia
631 2002 673 2043 an
692 1981 834 2062 amplius
853 1981 934 2042 mihi
952 1981 1078 2061 negatii
1096 1980 1321 2043 contrahatur.
1370 1982 1438 2045 Sed

299 2099 447 2152 rotamen
471 2095 619 2149 mearum
651 2086 872 2168 pericularum
897 2085 1040 2147 ratianas
1064 2085 1188 2147 atilitas
1212 2094 1260 2148 rei
1284 2084 1439 2166 pablicae

334 2192 454 2254 vincat.
503 2190 678 2253 Habamus
698 2191 787 2253 enim
803 2196 823 2251 a
839 2188 994 2264 Caesare,
1012 2199 1096 2252 sicut
1117 2190 1221 2271 ipsius
1242 2190 1389 2270 dignitas
1405 2200 1440 2253 et

335 2296 494 2357 maiarum
519 2295 590 2358 eius
614 2293 798 2375 amplitfida
821 2293 1020 2376 postulabat,
1041 2294 1240 2357 sententiam
1265 2303 1439 2376 tamquam

335 2401 483 2463 obsidem
505 2409 687 2481 perpetuae
707 2400 742 2460 in
763 2419 831 2461 rem
857 2398 1024 2481 publicam
1045 2399 1234 2462 voluntatis.
1287 2400 1440 2462 Intellac-

335 2514 405 2567 tum
432 2514 483 2566 est
509 2503 589 2585 quid
616 2503 791 2566 interesset
814 2503 901 2565 inter
923 2502 1091 2566 levitatem
1115 2505 1380 2566 cantianatarum
1404 2514 1439 2567 et

299 2636 324 2682 15
335 2610 482 2670 animum
498 2615 576 2669 vare
593 2608 787 2688 popularem
805 2608 905 2670 salati
921 2608 1036 2688 populi
1051 2609 1288 2669 cansulentem.

377 2711 485 2775 Videa
501 2711 542 2772 da
557 2712 638 2786 istis,
656 2721 713 2792 qui
728 2719 764 2773 sa
780 2711 957 2792 popularas
974 2711 1089 2772 haban
1099 2710 1224 2785 volunt,
1239 2711 1357 2780 abesse
1371 2720 1439 2774 nan

334 2816 511 2891 neminem,
528 2821 572 2877 na
593 2815 636 2876 da
659 2814 768 2895 capite
790 2814 945 2878 videlicet
968 2814 1088 2877 civium
1115 2816 1342 2877 Ramanarum
1367 2836 1441 2879 sen·

333 2919 472 2983 tentiam
502 2920 599 2983 ferat.
662 2919 697 2981 Is
723 2929 757 2982 et
783 2920 905 2982 madius
932 2919 1050 2982 tertius
1073 2918 1106 2980 in
1131 2919 1315 2981 castadiam
1348 2928 1439 2982 cives

336 3025 505 3087 Ramanas
528 3023 620 3087 dedit
642 3033 676 3085 et
695 3023 972 3105 supplicatianem
996 3023 1078 3085 mihi
1101 3023 1245 3086 dacravit
1260 3033 1294 3086 et
1310 3024 1440 3086 indicas

296 3128 490 3191 20hesterno
513 3127 566 3190 die
591 3129 740 3190 maximis
763 3128 919 3209 praemiis
942 3128 1075 3189 adfacit.
1132 3128 1203 3189 lam
1227 3128 1290 3190 hac
1314 3129 1441 3190 namini

333 3232 470 3294 dubium
494 3242 553 3307 est,
579 3241 636 3312 qui
659 3239 717 3294 rea
743 3231 938 3305 custodiam,
964 3239 1144 3312 quaesitari
1169 3231 1437 3311 gratulatianem,

333 3336 434 3398 indici
457 3336 641 3417 praemium
668 3336 818 3411 dacrarit,
841 3335 920 3418 quid
944 3336 985 3398 de
1008 3342 1077 3399 tata
1108 3342 1143 3398 re
1173 3345 1207 3399 et
1230 3343 1331 3398 causa
1358 3336 1440 3398 iadi-

333 3440 423 3503 carit.

378 3545 427 3606 At
448 3552 527 3607 vara
550 3544 587 3607 C.
609 3545 733 3608 Caesar
748 3544 912 3626 intellegit
928 3544 1035 3625 legem
1055 3543 1287 3625 Sempraniam
1305 3545 1439 3608 esseda

295 3675 323 3723 ²5
334 3648 460 3711 civibus
486 3650 646 3711 Ramanis
670 3649 902 3724 canstitfitam3
931 3658 988 3729 qui
1011 3660 1122 3712 autem
1146 3659 1194 3712 rei
1216 3648 1370 3730 publicae
1394 3650 1438 3711 sit

334 3753 448 3827 hostis,
466 3772 542 3814 eum
553 3762 656 3814 civem
676 3772 749 3815 esse
774 3753 866 3814 nulla
889 3752 989 3814 moda
1012 3773 1132 3831 posse;
1157 3753 1301 3833 danique
1326 3751 1435 3834 ipsum

334 3857 472 3919 latarenr
487 3856 703 3936 Sempraniae
714 3857 796 3936 Iagis
813 3856 940 3919 iniussa
955 3856 1070 3936 populi
1086 3863 1211 3937 poenas
1223 3865 1271 3917 rei
1283 3855 1437 3937 publicae

333 3961 542 4042 dapendisse.
606 3960 700 4022 Idem
727 3959 837 4040 ipsum
867 3959 1056 4034 Lentulum,
1083 3960 1272 4041 largitorem
1301 3964 1335 4022 et
1365 3967 1437 4040 pra
