3375 4775
524 575 681 625 ORATION
705 573 773 623 FOR
795 574 871 622 THE
894 574 981 623 POET
1004 574 1160 624 ARCHIAS
1338 580 1398 643 199

337 750 453 832 Atque
470 749 518 812 sic
536 769 556 811 a
575 747 713 811 summis
737 748 927 810 hominibus
951 749 1247 831 eruditissimisque
1271 747 1398 830 accepi-

290 874 378 929 mus,
395 863 581 916 ceterarum
602 873 713 915 rerum
737 851 847 915 studia
867 872 907 914 ex
926 853 1077 915 doctrina
1099 863 1132 915 et
1156 855 1343 934 praeceptis
1364 863 1398 916 et

292 969 365 1021 arte
381 966 545 1031 constare,
564 963 696 1037 poetam
717 965 835 1018 natura
855 956 929 1036 ipsa
945 958 1056 1019 valere
1080 967 1113 1019 et
1137 960 1257 1020 mentis
1273 957 1396 1020 viribus

292 1060 430 1125 excitari
453 1070 488 1124 et
510 1062 604 1142 quasi
627 1045 739 1122 divino
769 1061 915 1141 quodam
946 1060 1064 1141 spiritu
1088 1060 1203 1123 inflari.
1263 1062 1340 1144 Qua
1362 1081 1398 1124 re

293 1186 355 1228 suo
375 1167 447 1228 iure
471 1176 585 1229 noster
606 1164 661 1227 ille
687 1164 817 1226 Ennius
841 1174 975 1227 sanctos
995 1165 1142 1245 appellat
1166 1167 1291 1246 poetas
1309 1165 1398 1247 quod
1422 1187 1433 1234 5

294 1270 391 1352 quasi
407 1270 544 1332 deorum
561 1270 672 1352 aliquo
688 1269 776 1332 dono
792 1278 893 1351 atque
909 1288 1047 1331 munere
1063 1270 1287 1332 commendati
1302 1269 1399 1331 nobis

293 1394 370 1437 esse
386 1374 571 1436 videantur.

340 1478 391 1542 Sit
422 1477 532 1559 igitur,
559 1478 695 1554 iudices
727 1487 880 1541 sanctum
910 1479 1009 1559 'apud
1038 1499 1109 1554 vos,
1141 1477 1398 1541 humanissimos

294 1582 458 1658 homines
476 1582 673 1664 hoc‘poetae
689 1603 822 1657 nomen,
839 1582 929 1665 quod
952 1582 1044 1644 nulla
1067 1602 1225 1663 umquam
1245 1581 1399 1644 barbaria

294 1687 441 1749 violavit.
504 1687 591 1751 Saxa
624 1696 658 1749 et
692 1686 887 1750 solitudines
918 1689 991 1748 voci
1025 1686 1237 1767 respondent,
1272 1685 1399 1748 bestiae
1411 1707 1437 1737 10

295 1810 398 1871 saepe
427 1790 591 1853 immanes
621 1799 722 1853 cantu
752 1790 932 1852 flectuntur
961 1800 1061 1871 atque
1092 1789 1302 1865 consistunt;
1337 1809 1400 1851 nos

295 1894 438 1957 instituti
468 1894 567 1956 rebus
595 1894 730 1975 optimis
759 1914 827 1956 non
859 1901 1033 1975 poetarum
1064 1913 1145 1956 voce
1185 1894 1399 1955 moveamur?
1449 1935 1453 1954 ,

298 1999 484 2060 Homerum
503 1998 702 2079 Colophonii
719 1997 826 2061 civem
845 2018 921 2061 esse
944 1998 1059 2059 dicunt
1082 2018 1189 2073 suum,
1204 1997 1279 2061 Chii
1303 2018 1411 2059 suum·

295 2101 477 2177 vindicant,
502 2101 674 2165 Salaminii
704 2110 869 2182 repetunt,
896 2101 1072 2185 Smyrnaei
1093 2122 1172 2163 vero
1198 2122 1295 2163 suum
1325 2121 1399 2163 esse

296 2205 497 2269 confirmant
519 2206 631 2287 itaque
655 2206 755 2267 etiam
782 2205 958 2267 delubrum
989 2206 1061 2267 eius
1091 2204 1124 2266 in
1157 2204 1281 2285 oppido
1312 2204 1437 2268 dedi-15

296 2318 476 2384 caverunt;
500 2307 657 2390 permulti
679 2307 735 2370 alii
758 2318 933 2391 praeterea
956 2317 1109 2391 pugnant
1131 2308 1218 2369 inter
1241 2328 1276 2370 se
1300 2317 1400 2389 atque

296 2413 513 2477 contendunt.

296 2672 442 2736 Archias
455 2674 604 2737 destrues
618 2695 682 2736 our
687 2674 860 2756 gratitude
865 2674 929 2755 for
940 2673 995 2735 leis
1004 2684 1102 2755 great
1111 2672 1249 2735 services
1274 2672 1308 2735 in
1325 2673 1401 2735 cele-

279 2769 282 2775 *
488 2776 621 2861 braling
633 2777 686 2840 the
695 2777 817 2860 glon'es
833 2779 875 2859 of
883 2778 938 2839 tlze
951 2778 1083 2839 Roman
1090 2778 1210 2860 people.

340 2960 371 3020 9.
405 2940 496 3021 Ergo
518 2940 566 3002 illi
584 2941 739 3016 alienum,
756 2941 834 3023 quia
850 2947 948 3021 poeta
964 2940 1038 3015 fuit,
1051 2949 1127 3021 post
1143 2950 1284 3002 mortem
1300 2940 1400 3023 etiam

297 3053 480 3125 expetunt;
505 3064 566 3106 nos
589 3045 678 3107 hunc
710 3044 831 3119 vivum,
857 3045 914 3126 qui
941 3054 974 3106 et
1004 3045 1176 3106 voluntate
1206 3052 1240 3105 et
1271 3043 1400 3123 legibus

297 3157 412 3211 noster
435 3157 496 3223 est,
516 3148 775 3229 repudiabimus
793 3147 989 3228 praesertim
1013 3168 1087 3209 cum
1113 3167 1211 3209 omne
1234 3147 1312 3209 olim
1337 3157 1401 3209 stu·
1411 3173 1439 3203 20

297 3252 388 3313 dium
413 3261 513 3333 atque
536 3271 635 3314 omne
658 3251 829 3332 ingenium
853 3252 1030 3314 contulerit
1053 3251 1197 3312 Archias
1220 3251 1262 3312 ad
1286 3250 1401 3331 populi

300 3356 444 3418 Romani
463 3355 603 3436 gloriam
623 3356 821 3436 laudemque
843 3354 1101 3418 celebrandam?
1148 3355 1235 3416 Nam
1259 3364 1293 3416 et
1317 3354 1402 3417 Cim-

297 3459 405 3522 bricas
421 3479 476 3521 res
488 3459 684 3522 adulescens
700 3461 810 3540 attigit
826 3470 860 3522 et
875 3459 940 3540 ipsi
955 3459 1001 3520 illi
1018 3457 1054 3521 C.
1075 3459 1192 3533 Mario,
1210 3459 1266 3540 qui
1290 3458 1401 3520 durior

298 3564 341 3626 ad
371 3564 456 3626 haec
486 3562 596 3625 studia
626 3563 808 3638 videbatur,
832 3563 998 3626 iucundus
1028 3562 1101 3625 fuit.
1161 3563 1280 3643 Neque
1312 3561 1399 3624 enim

298 3668 474 3750 quisquam
493 3677 544 3731 est
564 3677 632 3730 tam
651 3687 828 3730 aversusa
847 3667 963 3742 Musis,
981 3666 1121 3749 quinon
1138 3665 1287 3728 mandari
1304 3666 1401 3727 versi·
1421 3687 1448 3734 25

298 3771 358 3836 bus
373 3780 549 3835 aeternum
566 3792 699 3834 suorum
717 3770 867 3833 laborum
888 3771 986 3832 facilc
1006 3772 1220 3851 praeconium
1245 3771 1398 3851 patiatur.

297 3875 558 3940 Themistoclem
574 3875 676 3949 illum,
689 3895 855 3936 summum
872 3874 1016 3936 Athenis
1033 3875 1147 3948 virum,
1160 3873 1281 3934 dixisse
1297 3873 1399 3948 aiunt,

297 3999 369 4043 cum
395 3998 502 4043 exeo
525 3987 740 4062 quaereretur
771 3977 861 4060 quod
890 3996 1046 4039 acroama
1077 3985 1133 4037 aut
1164 3975 1257 4037 cuius
1283 3996 1400 4038 vocem
