3375 4775
578 604 653 654 THE
675 604 913 654 FOURTEENTH
938 602 1113 653 PllILIPPlC
1327 608 1387 672 251

285 779 436 842 ticescet.
485 778 538 841 Ita
556 798 617 861 pro
637 776 768 841 mortali
790 774 984 841 condicione
1000 776 1087 841 vitae
1109 774 1391 840 immortalitatem

285 881 373 944 estis
388 882 565 945 consecuti.

285 1130 358 1193 Let
371 1152 410 1193 us
424 1131 464 1192 do
476 1130 528 1193 all
539 1130 612 1193 tlzat
625 1130 684 1194 lies
696 1130 732 1194 in
744 1140 927 1211 ourpower
939 1140 970 1193 to
984 1131 1121 1212 comfort
1136 1131 1210 1193 and
1225 1129 1317 1193 clzeer
1336 1129 1391 1195 the

324 1234 462 1315 friends
484 1234 524 1314 of
539 1233 627 1296 tlmse
648 1234 721 1295 who
743 1233 827 1296 have
844 1234 970 1315 offered
988 1245 1030 1315 up
1054 1233 1140 1295 their
1160 1233 1242 1296 lives
1254 1235 1318 1315 sor
1336 1233 1391 1297 the

334 1338 440 1419 sasety
455 1338 496 1418 of
504 1336 554 1399 tlte
567 1345 659 1400 state.

338 1516 386 1574 13,
419 1497 487 1561 Sed
502 1498 668 1578 quoniam,
686 1506 798 1577 patres
817 1495 1006 1577 conscripti,
1023 1497 1146 1577 gloriae
1165 1516 1285 1558 munus
1308 1498 1390 1578 opti·

285 1604 355 1665 mis
377 1611 411 1664 et
432 1600 622 1664 fortissimis
644 1600 772 1663 civibus
796 1601 1002 1663 monumenti
1029 1600 1153 1663 honore
1181 1600 1387 1681 persolvitur,

285 1705 500 1767 consolemur
522 1722 637 1765 eorum
659 1702 836 1784 proximos,
854 1702 972 1784 quibus
996 1703 1120 1783 optima
1143 1712 1194 1765 est
1217 1703 1299 1765 haec
1322 1706 1389 1784 qui·
1411 1735 1424 1787 5

285 1808 367 1869 dem
383 1806 582 1869 consolatio:
607 1805 809 1888 parentibus,
827 1806 916 1886 quod
939 1816 1032 1868 tanta
1052 1805 1100 1868 rei
1123 1805 1274 1887 publicae
1297 1825 1389 1886 prae·

285 1909 375 1973 sidia
389 1918 593 1991 genuerunt3
618 1908 738 1982 liberis,
753 1908 842 1990 quod
859 1907 1030 1972 habebunt
1046 1907 1226 1970 domestica
1238 1909 1389 1988 exemplu

284 2012 438 2087 virtutis;
462 2011 667 2093 coniugibus,
685 2012 774 2093 quod
797 2011 836 2074 iis
860 2011 937 2073 viris
961 2010 1130 2086 carebunt,
1148 2030 1231 2092 quos
1254 2010 1388 2073 laudare
1455 2070 1456 2075 ,

285 2136 390 2197 quam
406 2115 520 2197 lugere
536 2116 735 2196 praestabit3
760 2114 927 2189 fratribus,
945 2113 1033 2196 quod
1049 2113 1083 2175 in
1105 2134 1140 2177 se
1156 2124 1192 2175 ut
1214 2132 1388 2195 corporum

285 2220 338 2282 sic
361 2218 491 2281 virtutis
518 2218 765 2280 similitudinem
792 2238 866 2280 esse
897 2218 1072 2280 confident.
1120 2217 1234 2298 Atque
1262 2218 1386 2279 utinam
1399 2250 1425 2283 10

285 2323 342 2384 his
359 2320 510 2384 omnibus
528 2321 720 2403 abstergere
740 2321 853 2384 fletum
876 2321 1048 2384 sententiis
1072 2323 1194 2384 nostris
1217 2321 1387 2385 consultis-

286 2445 356 2508 que
379 2445 551 2507 possemus
573 2425 628 2487 vel
650 2425 758 2506 aliqua
781 2425 856 2487 talis
880 2425 918 2488 iis
942 2425 1091 2489 adhiberi
1119 2426 1249 2507 publice
1275 2435 1388 2507 posset

285 2528 402 2604 oratio,
420 2549 485 2610 qua
500 2527 707 2609 deponerent
723 2548 906 2590 maerorem
923 2538 1022 2611 atque
1045 2530 1169 2593 luctum
1193 2531 1388 2611 gauderent·

286 2652 355 2713 que
382 2633 501 2712 potiuS,
529 2651 604 2694 curn
632 2630 735 2694 multa
765 2640 799 2694 et
825 2633 916 2694 varia
942 2633 1174 2714 impenderent
1200 2634 1389 2696 hominibus

286 2736 415 2816 genera
445 2736 566 2809 mortis,
595 2734 628 2795 id
657 2754 764 2815 genus
795 2737 884 2818 quod
914 2747 1002 2801 esset
1032 2740 1289 2821 pulcherrimum
1321 2737 1424 2814 suis15

287 2838 457 2919 obtigisse,
481 2857 605 2919 eosque
629 2857 690 2900 nec
713 2838 904 2904 inhumatos
932 2862 1005 2904 esse
1032 2862 1093 2904 nec
1117 2843 1274 2916 desertos,
1299 2840 1388 2923 quod

286 2951 401 3004 tamen
417 2942 526 3022 ipsum
548 2961 608 3023 pro
631 2940 740 3023 patria
763 2962 830 3003 non
854 2940 1079 3004 miserandum
1104 2951 1249 3024 putatur,
1266 2963 1328 3007 nec
1345 2944 1389 3005 di·

288 3046 413 3126 spersis
431 3043 537 3107 bustis
556 3045 671 3107 humili
690 3046 861 3127 sepultura
880 3056 1053 3122 crematos,
1070 3048 1128 3109 sed
1146 3056 1315 3110 contectos
1332 3067 1389 3128 pu-

287 3147 383 3211 blicis
406 3147 562 3230 operibus
586 3157 686 3231 atque
709 3149 903 3213 muneribus
926 3170 1033 3232 eaque
1054 3151 1285 3225 exstructione,
1304 3170 1389 3232 quae

288 3253 331 3314 sit
347 3250 390 3314 ad
411 3251 603 3313 memoriam
625 3250 828 3315 aeternitatis
850 3272 907 3314 ara
923 3252 1072 3316 Virtutis.
1119 3253 1228 3334 Quam
1253 3253 1295 3316 ob
1318 3273 1387 3315 rem
1397 3277 1426 3310 20

289 3355 468 3416 maximum
481 3353 612 3435 quidem
627 3353 785 3416 solacium
798 3356 861 3419 erit
874 3355 1134 3438 propinquorum
1147 3356 1263 3419 eodem
1276 3376 1389 3445 monu-

289 3466 402 3520 mento
418 3456 579 3519 declarari
591 3465 624 3519 et
636 3457 791 3520 virtutem
804 3479 938 3521 suorum
951 3469 985 3521 et
1001 3459 1115 3540 populi
1130 3459 1272 3522 Romani
1289 3460 1388 3540 pieta-

288 3571 355 3625 tem
380 3570 414 3624 et
437 3569 573 3623 senatus
597 3559 695 3622 fidem
720 3570 753 3623 et
776 3561 996 3624 crudelissimi
1018 3564 1211 3625 memoriam
1233 3562 1329 3639 belli;
1354 3562 1388 3623 in

289 3686 353 3747 quo
370 3664 434 3728 nisi
456 3674 549 3727 tanta
571 3664 711 3726 militum
726 3664 830 3726 virtus
852 3664 1040 3739 exstitisset,
1058 3665 1232 3747 parricidio
1257 3666 1301 3728 M.
1320 3666 1389 3727 An-

289 3770 357 3832 toni
372 3787 496 3832 nomen
513 3766 628 3848 populi
641 3765 785 3828 Romani
801 3766 982 3829 occidisset.
1019 3769 1133 3851 Atque
1146 3769 1244 3832 etiam
1258 3788 1387 3843 censeo,
1399 3788 1425 3839 25

290 3884 399 3954 patres
423 3868 613 3950 conscripti,
634 3888 719 3950 quae
742 3868 890 3950 praemia
913 3869 1070 3933 militibus
1094 3872 1303 3953 promisimus
1328 3892 1389 3934 nos

290 3997 324 4041 re
353 3975 488 4060 publica
518 3981 714 4052 recuperata
745 3971 934 4047 tributuros,
962 3992 1002 4034 ea
1032 3975 1115 4036 vivis
1144 3973 1389 4057 victoribusque
