3375 4775
685 591 861 649 ORATIONS
884 593 930 650 OF
952 591 1080 651 CICERO

737 809 934 884 Nuuuurro,
967 825 1031 889 2-9

328 955 351 1016 J
361 954 445 1017 leave
465 955 602 1017 secured
622 953 889 1034 eenqnestionable
904 955 1056 1017 evidence
1070 953 1208 1036 against
1224 954 1278 1017 tlte
1298 956 1435 1037 conspir-

371 1064 459 1116 ators
476 1054 511 1116 in
538 1055 590 1116 tlte
616 1054 724 1116 letters
752 1053 859 1115 roleicle
887 1053 939 1116 tlte
962 1076 1079 1136 envoys
1104 1056 1144 1136 os
1165 1055 1219 1117 tlee
1244 1053 1437 1138 Allobroges

373 1177 456 1220 were
471 1158 625 1240 carrying
634 1168 666 1219 to
683 1158 735 1220 tlee
753 1157 858 1221 Gauls
875 1159 947 1220 and
959 1169 991 1220 to
1009 1157 1160 1222 Catile'ne.
1224 1177 1227 1183 ‘

360 1295 404 1366 ⁵2(
435 1305 522 1366 Nam
549 1312 629 1378 tum,
655 1324 729 1365 cum
759 1323 798 1366 ex
826 1303 907 1367 urbe
934 1304 1112 1368 Catilinam
1143 1303 1434 1367 eiciebam—nen

328 1410 417 1472 enim
433 1410 499 1469 iam
515 1428 631 1470 vereor
652 1408 749 1469 huius
772 1407 866 1470 verbi
888 1407 1057 1484 invidiam,
1083 1429 1157 1471 cum
1181 1410 1237 1472 illa
1261 1409 1370 1490 magis
1393 1409 1434 1473 sit

327 1513 485 1586 timenda,
502 1512 592 1593 quod
608 1521 703 1574 vivus
720 1513 834 1575 exierit
845 1512 958 1575 -sed
974 1523 1055 1588 tum,
1070 1533 1146 1576 cum
1169 1512 1260 1575 illum
1287 1514 1432 1577 extermi-

328 1624 400 1679 neri
430 1617 591 1691 volebam,
619 1626 677 1678 aut
707 1616 868 1698 reliquam
896 1616 1143 1680 coniura'rterum
1173 1637 1309 1680 manum
1338 1617 1432 1680 simul

307 1722 489 1799 5exitr'1ram
507 1730 564 1782 aut
574 1728 632 1783 ees
648 1729 705 1801 qui
720 1720 920 1783 restitissent
931 1721 1084 1783 infirmes
1101 1723 1172 1784 sine
1187 1721 1245 1783 illu
1256 1741 1295 1784 ac
1308 1721 1433 1784 debiles

327 1826 401 1888 iore
419 1824 586 1906 putabam.
634 1823 748 1905 Atque
770 1843 834 1905 ego
858 1832 894 1887 ut
912 1825 989 1900 vidi,
1007 1833 1091 1907 ques
1113 1825 1256 1887 maixime
1273 1826 1386 1889 furere
1402 1834 1434 1889 et

328 1930 453 1992 scelere
484 1948 558 1991 esse
588 1927 810 1990 inflammares
842 1929 998 2003 sciebam,
1023 1937 1081 1991 ees
1108 1929 1281 1991 nebiscum
1304 1949 1379 1993 esse
1401 1940 1434 1992 et

330 2034 457 2095 Remae
475 2031 684 2107 remansisse,
701 2032 735 2093 in
751 2039 791 2094 ee
809 2040 925 2094 omnes
943 2032 1013 2094 dies
1030 2040 1212 2115 noctesque
1229 2040 1432 2115 censumpsi,

328 2147 365 2199 ut
387 2136 467 2218 quid
490 2145 638 2217 agerent,
656 2135 734 2217 quid
759 2136 962 2211 meliientur,
984 2146 1139 2199 sentirem
1156 2156 1195 2199 ac
1212 2136 1370 2211 viderem,
1388 2146 1431 2212 ut,

293 2272 319 2302 ιο
328 2241 485 2323 quoniam
513 2239 646 2302 auribus
672 2248 791 2301 vestris
817 2248 955 2321 propter
980 2240 1208 2303 incredibilem
1236 2240 1433 2322 megnitridi·

329 2365 405 2408 uem
430 2344 564 2408 sceleris
590 2345 751 2407 minerem
776 2344 877 2407 fidem
901 2345 1028 2408 faceret
1052 2344 1157 2407 eretio
1187 2363 1270 2418 mea,
1294 2346 1433 2407 remita

328 2449 648 2530 comprehenderem
669 2459 706 2510 ut
725 2458 795 2510 tum
812 2448 948 2511 demum
965 2448 1083 2511 animis
1101 2449 1200 2511 saliti
1215 2458 1347 2511 vestrae
1364 2455 1433 2530 pre

328 2553 493 2627 videretis,
512 2573 586 2615 cum
611 2554 714 2615 oculis
739 2553 938 2615 maleficium
963 2552 1071 2633 ipsum
1089 2552 1254 2615 videretis
1303 2553 1431 2634 Itaque,

328 2667 365 2720 ut
402 2667 550 2738 comperi
584 2657 713 2737 legetos
751 2656 974 2738 Allobrogum
1019 2656 1099 2719 belli
1142 2657 1358 2737 Transalpini
1401 2665 1433 2719 et

293 2762 489 2836 15tumultris
506 2760 625 2825 Gallici
641 2761 807 2824 excitandi
826 2768 927 2823 cause
952 2768 971 2823 ai
994 2762 1027 2823 P.
1049 2761 1194 2824 Lentulo
1218 2780 1292 2823 esse
1319 2759 1433 2822 sollici·

328 2873 424 2940 tetes
441 2873 564 2947 eesque
591 2867 625 2926 in
649 2866 796 2929 Galliam
824 2865 867 2927 ad
893 2873 970 2928 sues
998 2873 1086 2927 cives
1110 2865 1294 2946 eedemque
1316 2863 1432 2927 itinere

255 2986 257 2990 '
328 2990 403 3033 cum
428 2971 543 3033 litteris
568 2971 798 3051 mandetisque
822 2970 864 3031 ad
890 2971 1064 3034 Catilinam
1090 2973 1172 3031 esse'
1188 2967 1315 3042 misses,
1336 2968 1433 3030 comi-

328 3084 462 3157 temque
478 3077 517 3136 iis
534 3076 726 3137 adiunctum
750 3095 824 3138 esse
841 3075 877 3136 T.
898 3074 1116 3147 Volturcium,
1134 3080 1234 3154 atque
1259 3073 1336 3134 huic
1360 3091 1432 3135 esse

328 3181 370 3242 ad
387 3180 565 3243 Catilinam
581 3180 676 3242 dates
690 3179 825 3254 litteriis,
838 3180 1035 3241 facultatem
1052 3177 1132 3239 mihi
1148 3175 1294 3239 oblitam
1308 3183 1429 3257 punivi,

290 3293 373 3356 20ut‚
392 3284 480 3365 quod
500 3291 571 3346 erat
594 3283 833 3358 difficillimum,
852 3283 1008 3364 quodque
1031 3301 1094 3361 ego
1118 3299 1252 3360 semper
1274 3280 1429 3360 optibam

328 3389 370 3451 ab
387 3390 437 3451 dis
453 3388 703 3462 immortalibus,
722 3398 757 3449 ut
773 3396 842 3449 teta
859 3395 912 3449 res
935 3394 999 3448 nen
1019 3386 1124 3448 selum
1142 3391 1236 3460 aime,
1254 3383 1313 3446 sed
1332 3383 1431 3446 etiam

328 3498 481 3556 eseuetu
498 3502 532 3555 et
548 3499 566 3553 e
583 3493 675 3554 vebis
692 3492 870 3554 manifeste
886 3489 1200 3572 deprehenderetur.

364 3596 492 3677 litaque
524 3597 681 3659 hesterni)
702 3597 755 3657 die
774 3596 811 3656 L.
831 3596 990 3658 Flaccum
1007 3605 1041 3658 et
1057 3595 1093 3658 C.
1110 3595 1323 3674 Pomptinum
1341 3610 1432 3674 prae-

328 3708 425 3775 teres,
444 3700 641 3763 fortissimes
658 3709 758 3782 atque
777 3699 1023 3762 amantissimes
1040 3709 1088 3760 rei
1105 3697 1257 3778 publicae
1273 3697 1372 3771 vires
1390 3693 1431 3758 ad

291 3828 318 3876 25
329 3812 382 3866 me
405 3811 529 3879 vocevi,
554 3824 624 3866 rem
647 3813 794 3885 exposui,
820 3803 898 3884 quid
924 3802 995 3865 fieri
1019 3802 1166 3882 placeret
1190 3802 1330 3864 ostendi.
1379 3800 1431 3862 Illi

329 3917 450 3983 autem,
477 3917 533 3989 qui
557 3907 667 3970 omnia
692 3907 734 3970 de
757 3914 792 3968 re
818 3905 952 3987 publice
971 3905 1142 3986 praeclara
1168 3915 1269 3987 atque
1297 3904 1431 3986 egregia

329 4020 499 4087 sentirent,
531 4011 602 4074 sine
633 4011 841 4073 recusatione
873 4029 911 4071 ac
936 4010 1008 4071 sine
1039 4009 1106 4071 ulle
1137 4015 1229 4072 more
1259 4009 1430 4091 negetium
