3375 4775
327 564 389 611 212
677 561 854 612 ORATIONS
876 563 921 612 OF
944 562 1071 613 CICERO

326 741 523 815 tantumque
539 736 628 816 apud
647 755 699 798 me
721 737 806 817 grati
829 736 930 799 animi
953 736 1059 800 fidelis
1083 738 1243 801 memoria
1266 738 1373 802 valuit
1396 748 1431 802 ut

326 836 418 899 nulla
433 857 499 900 non
517 838 617 901 modo
633 840 825 920 cupiditate,
843 841 903 904 sed
924 861 967 904 ne
988 861 1048 922 spe
1070 841 1204 922 quidem
1226 843 1377 924 prudens
1398 852 1432 906 et

326 940 434 1004 scieus
451 951 619 1024 tamquam
636 943 678 1005 ad
697 945 867 1006 interitum
883 964 1014 1007 ruerem
1028 945 1263 1008 voluntarium.

370 1045 469 1128 Quod
494 1047 627 1128 quidem
652 1067 762 1109 meum
786 1048 959 1111 consilium
984 1048 1119 1112 minime
1143 1049 1323 1113 obscurum
1355 1052 1429 1114 fuit.

304 1176 315 1224 ς
328 1150 415 1212 Nam
426 1161 459 1213 et
470 1151 502 1212 in
516 1151 578 1214 hoc
591 1150 706 1214 ordine
719 1153 850 1233 integra
862 1172 898 1215 re
911 1153 1015 1215 multa
1027 1153 1068 1216 de
1081 1172 1164 1234 pace
1181 1153 1248 1216 dixi
1260 1164 1294 1217 et
1310 1154 1344 1217 in
1357 1155 1430 1237 ipso

326 1253 412 1317 bello
424 1256 541 1318 eadem
558 1255 656 1318 etiam
674 1275 748 1317 cum
765 1257 884 1336 capitis
901 1258 965 1319 mei
983 1257 1130 1338 periculo
1146 1258 1246 1321 sensi.
1295 1258 1347 1320 Ex
1363 1280 1429 1341 quo

325 1378 423 1422 nemo
443 1359 508 1422 iam
530 1360 592 1423 erit
612 1370 679 1422 tam
705 1359 847 1423 iniustus
870 1360 1076 1423 existimator
1098 1381 1208 1423 rerum
1226 1363 1283 1443 qui
1299 1362 1430 1426 dubitet

325 1483 410 1545 quae
427 1465 579 1528 Caesaris
599 1464 640 1527 de
661 1465 750 1527 bello
770 1465 924 1527 voluntas
945 1465 1055 1541 fuerit,
1073 1484 1149 1527 cum
1166 1465 1259 1546 pacis
1276 1475 1429 1529 auctores

325 1569 572 1631 conservandos
585 1570 695 1632 statim
710 1569 884 1644 censuerit,
899 1568 1017 1632 ceteris
1031 1569 1132 1632 fuerit
1143 1570 1265 1632 iratior.
1314 1571 1429 1652 Atque

290 1699 316 1732 ιο
325 1671 358 1735 id
375 1674 483 1735 minus
500 1672 618 1734 mirum
634 1674 777 1735 fortasse
794 1682 874 1746 tum,
892 1692 967 1736 cum
989 1682 1077 1735 esset
1098 1674 1245 1736 incertus
1267 1675 1374 1736 exitus
1396 1684 1429 1738 et

324 1797 449 1857 anceps
465 1777 599 1839 fortuna
614 1776 700 1840 belli.
749 1776 816 1858 Qui
831 1797 910 1839 vero
923 1776 1027 1839 victor
1040 1777 1131 1858 pacis
1144 1787 1297 1840 auctores
1310 1778 1427 1860 diligit,

324 1881 352 1943 is
365 1881 525 1963 profecto·
534 1880 681 1944 declarat
696 1901 732 1944 se
745 1881 901 1943 maluisse
918 1901 985 1944 non
999 1880 1157 1944 dimicare
1169 1902 1270 1963 quam
1282 1883 1427 1946 vincere.

324 2139 411 2202 Had
430 2140 573 2222 Pompcy
594 2140 846 2222 conqueramur
869 2139 1009 2202 erremies
1030 2140 1129 2203 could
1147 2139 1232 2203 leave
1254 2141 1360 2223 hoped
1368 2143 1432 2224 for

691 2264 732 2306 no
753 2244 831 2306 suclt
854 2245 1018 2325 clemency.

368 2411 396 2473 6.
432 2409 544 2491 Atque
576 2408 672 2471 huius
704 2409 837 2489 quidem
869 2407 916 2470 rei
945 2409 991 2470 M.
1025 2407 1186 2471 Marcello
1217 2429 1291 2472 sum
1322 2411 1427 2473 testis.

326 2512 440 2575 Nostri
471 2514 559 2575 enim
584 2533 702 2575 sensus
726 2522 762 2574 ut
785 2513 819 2574 in
843 2532 927 2592 pace
951 2532 1092 2593 semper,
1110 2513 1157 2575 sic
1181 2522 1252 2576 tum
1276 2515 1376 2576 ctiam
1394 2515 1428 2576 in

289 2615 411 2690 15bello
442 2617 681 2697 congruebant.
740 2617 903 2698 Quotiens
929 2636 993 2697 ego
1024 2636 1099 2678 eum
1130 2626 1164 2680 et
1194 2627 1320 2699 quanto
1352 2638 1428 2681 cum

324 2722 438 2784 dolore
453 2721 530 2796 vidi,
548 2741 622 2783 cum
641 2719 851 2784 insolentiam
869 2730 1034 2783 certorum
1051 2719 1222 2784 hominum
1239 2731 1308 2784 tum
1327 2723 1428 2785 etiam

323 2824 428 2907 ipsius
451 2824 608 2888 victoriae
632 2825 839 2888 ferocitatem
864 2825 1153 2888 extimescentem!
1202 2825 1278 2906 Quo
1302 2828 1429 2906 gratior

324 2940 382 2994 tua
409 2931 596 3003 liberalitas
627 2930 663 2994 C.
696 2930 829 3004 Caesar,
863 2929 968 3004 nobis,
1000 2929 1057 3011 qui
1086 2929 1143 2992 illa
1162 2929 1315 3005 vidimus,
1328 2929 1430 2995 debet

324 3056 407 3099 esse.
460 3037 539 3098 Non
562 3036 650 3097 enim
673 3035 739 3095 iam
763 3054 884 3096 causae
908 3043 986 3096 sunt
1008 3033 1094 3096 inter
1117 3053 1161 3110 se,
1187 3034 1245 3097 sed
1270 3033 1429 3098 victoriae

287 3140 578 3220 20comparandae.
625 3138 778 3202 Vidimus
802 3148 893 3200 tuam
917 3137 1088 3200 victoriam
1113 3137 1314 3219 proeliorum
1339 3141 1429 3202 exitu

324 3244 543 3318 terminatam,
558 3242 706 3324 gladium
730 3244 851 3324 vagina
871 3262 1011 3304 vacuum
1033 3243 1068 3303 in
1086 3241 1167 3304 urbe
1189 3262 1257 3304 non
1273 3243 1427 3306 vidimus
1501 3260 1510 3281 ¹

325 3348 419 3431 Quos
436 3348 606 3410 amisimus
623 3347 721 3422 cives,
736 3367 793 3410 eos
813 3346 930 3409 Martis
947 3346 996 3408 vis
1013 3347 1162 3427 perculit,
1180 3367 1247 3409 non
1264 3346 1313 3408 ira
1328 3349 1430 3411 victo·

324 3451 401 3527 riae,
419 3463 454 3514 ut
471 3452 622 3514 dubitare
647 3452 767 3514 debeat
786 3471 884 3513 nemo
908 3451 987 3532 quin
1011 3451 1143 3526 multos
1162 3451 1189 3512 si
1210 3450 1280 3513 fieri
1303 3462 1428 3533 posset,

325 3558 362 3622 C.
380 3557 504 3621 Caesar
519 3556 561 3619 ab
578 3555 693 3618 inferis
710 3555 876 3630 excitaret,
895 3556 1050 3636 quoniam
1069 3576 1108 3618 ex
1123 3554 1239 3618 eadem
1257 3557 1329 3619 acie
1353 3576 1430 3619 con-

287 3679 313 3729 25
325 3671 435 3724 servat
466 3681 549 3743 quos
581 3668 699 3741 potest.
748 3658 898 3722 Alterius
929 3679 1008 3722 vero
1039 3658 1142 3740 partis
1171 3657 1253 3721 nihil
1283 3660 1453 3742 amplius,

325 3764 432 3829 dicam
450 3785 559 3848 quam,
577 3764 610 3826 id
633 3764 721 3845 quod
745 3783 862 3826 omnes
885 3763 1090 3838 verebamur,
1112 3762 1209 3826 nimis
1232 3762 1428 3827 iracundam

325 3871 472 3933 futuram
489 3870 594 3931 fuisse
609 3868 791 3931 victoriam.
839 3867 983 3949 Quidam
1008 3867 1095 3930 enim
1119 3886 1187 3929 non
1209 3868 1308 3931 modo
1325 3889 1430 3932 arma-

325 3975 377 4051 tis,
395 3975 453 4038 sed
476 3974 643 4037 interdum
667 3973 767 4035 etiam
791 3971 905 4034 otiosis
929 3970 1147 4048 minabantur,
1165 3990 1227 4034 nec
1246 3972 1327 4054 quid
1345 3973 1430 4056 quis·
