3375 4775
578 568 653 617 'l‘HE
676 569 913 618 FOURTEENTH
938 570 1115 619 PHILIPPIC
1334 574 1395 640 253

291 742 506 805 dimicatione
530 752 565 806 et
587 741 735 824 periculo
759 741 848 805 vitae
876 763 965 818 suae,
992 742 1040 805 uti
1067 742 1109 805 ob
1137 764 1194 806 eas
1221 764 1274 807 res
1300 744 1395 823 bene,

292 847 424 909 fortiter
447 846 655 928 feliciterque
678 855 791 927 gestas
816 848 852 911 C.
879 848 987 909 Pansa
1010 847 1052 910 A.
1079 847 1210 910 Hirtius
1232 851 1395 927 consules,

292 952 521 1032 imperatores,
545 950 629 1013 alter
651 949 800 1026 ambove,
825 960 892 1026 aut,
918 950 945 1013 si
968 950 1118 1027 aberunt,
1145 953 1191 1014 M.
1218 953 1395 1030 Cornutus

294 1064 428 1137 praetor
447 1054 603 1130 urbanus,
627 1054 889 1136 supplicationes
912 1075 972 1136 per
993 1055 1064 1118 dies
1088 1057 1331 1139 quinquaginta
1355 1060 1396 1121 ad

295 1159 407 1221 omnia
447 1158 634 1239 pulvinaria
671 1160 870 1235 constituat;
910 1179 1052 1241 cumque
1088 1161 1192 1223 virtus
1227 1161 1396 1243 legionum
1422 1190 1432 1237 5

295 1262 398 1344 digna
424 1262 615 1325 clarissimis
642 1262 897 1343 imperatoribus
925 1263 1095 1339 exstiterit,
1124 1275 1287 1341 senatum,
1313 1287 1397 1349 quae

296 1368 337 1430 sit
368 1376 467 1430 antea
499 1366 665 1447 pollicitus
692 1366 879 1448 legionibus
906 1368 1171 1451 exercitibusque
1198 1371 1328 1445 nostris,
1358 1391 1397 1433 ea

296 1491 425 1533 summo
449 1471 558 1533 studio
582 1490 617 1533 re
640 1470 775 1551 publica
798 1482 995 1553 recuperata
1018 1472 1263 1553 persoluturum
1276 1494 1283 1549 ;
1310 1494 1398 1537 cum-

296 1595 358 1657 que
381 1575 468 1656 legio
492 1575 615 1637 Martia
638 1574 793 1656 princeps
817 1596 893 1638 cum
917 1576 1067 1639 hostibus
1091 1577 1274 1641 conflixerit
1298 1587 1397 1661 atque

296 1679 339 1742 ita
360 1699 436 1742 cum
459 1679 583 1742 maiore
603 1699 741 1743 numero
764 1680 908 1743 hostium
931 1682 1140 1744 contenderit
1162 1691 1206 1757 ut,
1229 1702 1304 1745 cum
1328 1683 1398 1765 plu·
1409 1714 1435 1745 10

296 1783 396 1847 rimos
427 1784 614 1859 caederent,
646 1786 804 1848 caderent
835 1806 902 1847 non
933 1785 1024 1861 nulli,
1057 1805 1199 1868 cumque
1230 1786 1301 1850 sine
1331 1786 1398 1849 ulla

296 1889 530 1952 retractatione
551 1910 611 1970 pro
633 1889 741 1971 patria
761 1890 864 1953 vitam
886 1890 1113 1969 profuderint;
1138 1910 1280 1973 cumque
1301 1890 1399 1953 simili

296 1996 417 2057 virtute
434 1993 634 2076 reliquarum
653 1993 820 2075 legionum
839 1993 960 2055 milites
983 2014 1042 2074 pro
1065 1993 1171 2057 salute
1193 2004 1226 2057 et
1246 1994 1397 2059 libertate

297 2099 412 2181 populi
437 2099 581 2161 Romani
605 2108 746 2161 mortem
770 2097 1013 2179 oppetiverint:
1041 2099 1171 2161 senatui
1197 2098 1337 2177 placere,
1362 2109 1398 2162 ut

298 2204 332 2268 C.
357 2205 466 2266 Pansa
485 2203 529 2265 A.
553 2202 683 2266 Hirtius
707 2202 871 2278 consules
895 2203 1121 2283 imperatores
1144 2202 1226 2264 alter
1248 2203 1396 2278 ambove,
1409 2229 1433 2277 ις

297 2310 323 2370 si
346 2308 386 2371 iis
407 2309 568 2383 videatur,
593 2309 633 2370 iis
657 2308 714 2390 qui
738 2306 935 2390 sanguinem
961 2327 1021 2388 pro
1045 2307 1121 2381 vita,
1147 2305 1309 2381 libertate,
1333 2307 1398 2369 ior-

297 2415 385 2476 tunis
412 2413 529 2495 populi
557 2413 711 2489 Romani,
738 2433 798 2494 pro
827 2411 917 2487 urbe,
943 2411 1077 2493 templis
1104 2412 1240 2474 deorum
1270 2411 1399 2474 immor-

297 2517 411 2580 talium
450 2516 688 2599 profudissent,
728 2526 980 2580 monumentum
1019 2536 1119 2598 quam
1158 2515 1398 2597 amplissimum

298 2621 474 2685 locandum
492 2621 750 2704 faciendumque
772 2631 888 2684 curent
911 2632 1171 2702 quaestoresque
1192 2621 1337 2683 urbanos
1356 2620 1398 2682 ad

298 2746 369 2788 eam
398 2746 469 2789 rem
496 2727 673 2808 pecuniam
701 2726 789 2802 dare,
819 2725 1008 2801 attribuere,
1038 2725 1166 2788 solvere
1193 2725 1337 2799 iubeant,
1363 2734 1437 2787 ut20

298 2840 403 2893 exstet
426 2831 469 2892 ad
492 2830 685 2893 memoriam
710 2829 914 2911 posteritatis
938 2831 1174 2910 sempiternam
1199 2828 1307 2891 scelus
1330 2848 1399 2890 cru-

298 2935 539 2999 delissimorum
571 2934 717 2997 hostium
748 2933 956 3016 militumque
987 2934 1098 3015 divina
1128 2934 1243 3007 virtus,
1275 2931 1397 3013 utique,

297 3060 382 3122 quae
404 3038 551 3120 praemia
574 3047 709 3101 senatus
732 3038 889 3100 militibus
911 3047 988 3100 ante
1010 3036 1190 3111 constituit,
1212 3056 1252 3099 ea
1274 3037 1400 3098 solvan-

296 3153 349 3206 tur
364 3163 480 3207 eorum
497 3141 554 3225 qui
574 3142 638 3205 hoc
659 3141 746 3204 bello
769 3162 829 3222 pro
852 3143 959 3223 patria
981 3141 1173 3203 occiderunt
1194 3139 1398 3220 parentibus,

296 3247 417 3323 liberis
443 3245 649 3328 coniugibus,
674 3244 833 3307 iratribus
861 3245 966 3326 iisque
996 3244 1183 3307 tribuantur
1208 3263 1293 3325 quae
1321 3243 1435 3313 mili-25

295 3353 384 3416 tibus
414 3351 498 3433 ipsis
528 3349 640 3438 tribui
660 3358 828 3432 oporteret
859 3350 887 3412 si
914 3348 981 3411 vivi
1011 3347 1178 3423 vicissent,
1207 3346 1263 3429 qui
1294 3355 1400 3409 morte

294 3458 457 3521 vicerunt.
