3375 4775
688 606 865 656 ORATIONS
888 607 934 657 OF
956 606 1084 658 CICERO

714 882 717 886 ·
771 840 968 917 Exounrun,
998 858 1009 903 1

341 995 463 1059 Tubero
484 1016 613 1059 accuses
636 993 797 1077 Ligarius
823 996 864 1076 af
882 994 935 1057 tlte
956 994 1057 1057 crime
1085 996 1127 1077 af
1150 996 1279 1079 having
1300 993 1378 1059 been
1410 996 1446 1059 in

379 1100 507 1182 Africa,
537 1121 559 1161 a
585 1110 719 1181 strange
746 1098 865 1182 charge
895 1099 1016 1161 indeed
1039 1101 1135 1181 fram
1165 1121 1187 1161 a
1210 1100 1371 1182 partisan
1402 1100 1446 1181 af

379 1204 531 1285 Pampey.

309 1345 322 1364 ⁶
383 1380 409 1422 1.
444 1360 576 1422 Novum
601 1356 735 1434 crimen,
761 1358 797 1422 C.
823 1358 956 1433 Caesar,
981 1369 1015 1421 et
1038 1368 1116 1422 ante
1143 1359 1232 1421 hunc
1256 1359 1346 1421 diem
1377 1379 1446 1422 non

337 1465 485 1527 auditum
499 1462 706 1545 propinquus
724 1482 816 1524 meus
833 1462 875 1524 ad
888 1472 921 1525 te
939 1462 981 1544 Q.
996 1462 1131 1526 Tubero
1147 1463 1275 1537 detulit,
1290 1463 1332 1545 Q.
1349 1463 1449 1544 Liga-

338 1568 421 1630 rium
438 1568 472 1628 in
489 1566 608 1628 Africa
618 1565 732 1640 fuisse,
744 1567 843 1647 idque
858 1566 894 1630 C.
910 1567 1028 1642 Pansa,
1042 1567 1226 1647 praestanti
1237 1568 1445 1649 viringenio,

338 1674 445 1737 fretus
461 1671 603 1733 fortasse
619 1670 845 1734 familiaritate
861 1691 902 1733 ea
918 1691 1003 1754 quae
1020 1680 1071 1733 est
1092 1671 1123 1734 ei
1138 1680 1258 1747 tecum,
1276 1691 1379 1734 ausus
1394 1680 1448 1734 est

318 1774 497 1851 sconfiteri.
546 1775 665 1856 Itaque
692 1795 757 1856 quo
788 1795 841 1837 me
871 1785 999 1838 vertam
1023 1775 1144 1838 nescio.
1193 1776 1333 1838 Paratus
1357 1778 1447 1838 enim

338 1899 505 1954 veneram,
520 1898 595 1940 cum
611 1888 647 1940 tu
660 1878 693 1939 id
706 1898 815 1961 neque
833 1888 937 1960 perte
950 1879 1051 1942 scires
1064 1899 1173 1961 neque
1184 1880 1298 1943 audire
1310 1879 1448 1943 aliunde

340 1983 515 2068 potuisses,
539 1992 575 2044 ut
598 1981 806 2062 ignoratione
837 1992 896 2045 tua
926 1983 968 2045 ad
997 1983 1140 2046 hominis
1164 1983 1275 2046 miseri
1302 1984 1448 2047 salutem

339 2088 502 2152 abuterer.
550 2088 617 2151 Sed
634 2087 790 2169 quoniam
810 2086 983 2167 diligentia
999 2086 1123 2149 inimici
1141 2087 1378 2168 investigatum
1396 2098 1450 2150 est

340 2193 428 2276 quod
453 2192 584 2268 latebat,
603 2191 829 2253 confitendum
853 2201 913 2265 est,
938 2200 975 2254 ut
997 2190 1125 2271 opinor,
1150 2190 1346 2272 praesertim
1370 2211 1449 2254 cum

305 2324 331 2355 10
341 2317 435 2360 meus
458 2296 664 2359 necessarius
690 2296 797 2358 Pansa
821 2296 940 2358 fecerit
963 2304 999 2357 ut
1025 2296 1059 2357 id
1090 2296 1256 2376 integrum
1280 2297 1347 2357 iam
1378 2316 1449 2358 non

341 2412 438 2476 esset,
452 2403 641 2483 omissaque
654 2400 1002 2464 controversia‘omnis
1015 2401 1119 2463 oratio
1132 2401 1174 2463 ad
1187 2400 1449 2463 misericordiam

340 2516 431 2570 tuam
448 2505 653 2568 conferenda
669 2514 728 2580 cst,
746 2526 811 2587 qua
828 2505 961 2586 plurimi
978 2514 1055 2567 sunt
1071 2507 1267 2578 conservati,
1285 2524 1359 2567 cum
1379 2525 1398 2567 a
1416 2515 1449 2567 te

341 2631 408 2674 non
426 2609 653 2673 liberationem
671 2610 798 2690 culpae,
816 2610 875 2672 sed
899 2610 998 2672 errati
1015 2610 1144 2672 veniam
1166 2609 1448 2690 impetravissent.

343 2716 461 2778 Habes
482 2714 590 2796 igitur,
608 2712 752 2789 Tubero,
770 2713 859 2795 quod
883 2722 934 2776 est
957 2713 1144 2776 accusatori
1167 2714 1309 2774 maxime
1334 2722 1450 2793 optan-

307 2843 331 2891 ις
342 2821 432 2895 dum,
449 2819 662 2882 confitentem
687 2838 797 2893 reum;
823 2818 882 2880 sed
902 2826 1014 2880 tamen
1031 2819 1094 2880 hoc
1111 2818 1337 2892 confitentem,
1355 2838 1391 2880 se
1415 2820 1450 2880 in

342 2945 382 2988 ea
405 2932 499 3005 parte
523 2924 627 2986 fuisse
650 2943 716 3004 qua
745 2931 788 2997 te,
814 2942 880 3003 qua
911 2922 1017 2984 virum
1048 2921 1139 2983 omni
1169 2921 1266 2984 laude
1298 2920 1449 3003 dignum,

330 3037 472 3110 patrem
493 3037 595 3091 tuum.
645 3028 763 3108 Itaque
787 3027 879 3108 prius
902 3025 943 3088 de
958 3034 1070 3089 vestro
1086 3025 1206 3089 delicto
1223 3026 1451 3088 confiteamini

343 3152 480 3197 necesse
497 3143 556 3209 est,
574 3152 673 3215 quam
691 3130 805 3212 Ligari
821 3130 921 3192 ullam
939 3122 1070 3212 culpam
1087 3128 1353 3212 reprehendatis.

779 3393 975 3468 Nannarro,
1004 3409 1017 3454 1

343 3549 505 3634 Ligerim
521 3570 590 3612 was
607 3548 642 3611 ia
657 3547 776 3630 Africa
791 3547 886 3610 where
903 3546 955 3610 tlte
972 3567 1046 3608 war
1055 3546 1165 3629 began,
1180 3544 1238 3609 but
1251 3544 1292 3608 lte
1303 3543 1454 3610 declinea'

649 3663 679 3715 ta
691 3652 767 3715 take
780 3673 846 3732 any
859 3650 966 3715 active
971 3659 1055 3732 part
1069 3649 1104 3713 iri
1122 3650 1156 3714 it.

390 3810 431 3891 Q.
450 3807 537 3872 enim
556 3806 719 3889 Ligarius,
736 3827 811 3870 cum
829 3815 919 3869 esset
933 3806 1026 3868 nulla
1044 3804 1122 3869 belli
1146 3803 1302 3886 suspici0,
1319 3803 1447 3886 legatus

308 3911 381 3977 20inv
404 3913 556 3976 Africam
581 3933 656 3975 cum
682 3913 718 3977 C.
745 3909 903 3976 Considio
919 3910 1090 3991 proiectus
1118 3918 1186 3982 est;
1211 3929 1278 3990 qua
1301 3907 1335 3971 in
1365 3910 1448 3988 lega·

345 4019 436 4082 tione
456 4027 490 4080 et
513 4016 639 4080 civibus
655 4026 689 4079 ct
712 4015 809 4079 sociis
825 4014 872 4078 ita
888 4035 924 4078 se
940 4013 1093 4098 probavit
1116 4023 1151 4075 ut
1174 4011 1343 4077 decedens
1368 4013 1447 4079 Con·
