3375 4775
503 583 647 636 FOURTH
670 580 827 634 ORATION
850 579 1002 631 AGAlNST
1024 578 1192 630 CATILINE
1339 588 1394 650 141

291 760 396 825 robus
411 758 576 834 omnibus,
593 757 652 821 sed
674 756 708 820 iu
726 775 800 821 eam
818 764 958 837 partem,
975 765 1024 817 uti
1043 755 1126 817 salvi
1146 754 1212 817 sint
1227 755 1398 818 vobiscum

292 871 423 940 omnis,
441 863 585 928 etiamsi
605 869 723 924 mavis
743 861 855 943 aliqua
878 860 1091 941 oppresserit,
1108 858 1219 941 potius
1242 878 1342 941 quam
1365 867 1400 922 et

294 970 342 1032 illi
357 978 392 1033 et
408 975 470 1032 nos
489 973 555 1029 rina
569 975 617 1029 rei
632 964 786 1047 poblicae
798 973 894 1047 peste
910 970 1095 1047 pereamus.

704 1229 902 1304 NARRAmo,
934 1239 995 1307 2-5

339 1382 417 1463 Qua
438 1389 483 1456 ra,
504 1388 615 1463 patros
636 1388 823 1461 conscripti,
844 1380 1027 1445 incumbite
1046 1381 1088 1443 ad
1110 1382 1249 1443 salatem
1272 1390 1320 1443 rei
1340 1388 1397 1460 pii-

293 1481 412 1556 blicae,
429 1479 674 1560 circumspicite
690 1487 806 1542 omnas
827 1479 1000 1562 procellas,
1018 1500 1104 1562 quae
1123 1480 1318 1561 impendent
1335 1478 1398 1541 nisi
1419 1497 1430 1545 5

294 1581 486 1665 provideatis.
528 1580 605 1642 Non
622 1581 672 1643 Ti.
687 1580 870 1656 Gracchus
884 1581 973 1663 quod
986 1582 1105 1644 iterum
1122 1582 1274 1646 tribanus
1292 1584 1397 1665 plobis

294 1687 366 1749 fieri
395 1686 509 1761 voluit,
540 1693 609 1747 non
637 1684 674 1748 C.
707 1685 890 1760 Gracchus,
922 1686 1010 1768 quod
1046 1686 1193 1767 agrarios
1230 1692 1397 1753 concitare

294 1797 435 1853 conatus
458 1799 518 1864 est,
537 1797 601 1851 non
615 1789 653 1850 L.
669 1788 879 1864 Saturninus,
897 1790 985 1871 quod
1003 1790 1038 1853 C.
1056 1791 1251 1853 Memmium
1268 1793 1396 1870 occidit,

293 1895 328 1956 in
344 1892 523 1956 discrimen
540 1892 673 1974 aliquod
696 1902 796 1974 atque
819 1893 854 1954 in
877 1901 1007 1956 vestrae
1031 1895 1216 1957 sevaritatis
1240 1896 1396 1959 iodicium

293 1997 487 2072 adducitur,
511 2005 668 2060 tenentur
687 1995 709 2057 ii
728 2006 785 2078 qui
802 1996 845 2058 ad
868 1996 958 2059 urbis
977 1998 1176 2073 incendium,
1194 1998 1236 2060 ad
1252 2009 1396 2063 vestram
1408 2035 1435 2066 10

293 2106 443 2168 omnium
466 2106 613 2181 caedem,
631 2106 673 2168 ad
698 2107 876 2171 Catilinam
900 2107 1131 2189 accipiendum
1157 2109 1284 2170 Romae
1308 2109 1397 2170 resti·
1500 2129 1502 2133 “

293 2217 424 2286 tarunt3
463 2218 619 2273 tenentur
655 2210 792 2287 litterae,
821 2221 927 2292 signa,
960 2219 1087 2287 manos,
1119 2212 1262 2293 donique
1301 2219 1397 2273 tinius

292 2316 455 2396 cuiusque
500 2315 688 2393 confessio;
739 2316 958 2379 sollicitantur
1002 2316 1213 2398 Allobroges,
1265 2316 1398 2378 servitia

292 2420 489 2495 excitantur,
515 2420 657 2484 Catilina
688 2422 886 2496 arcessitur;
925 2422 958 2484 id
989 2429 1040 2484 est
1064 2421 1181 2483 initum
1214 2420 1396 2497 consilium,

293 2533 329 2586 ut
353 2524 537 2588 rnterfectis
564 2525 717 2587 omnibus
743 2532 842 2587 namo
866 2532 908 2586 no
931 2525 973 2587 ad
997 2524 1238 2607 daplorandum
1263 2526 1396 2606 quidem
1409 2554 1433 2602 ις

292 2627 410 2709 populi
427 2629 571 2690 Romani
582 2637 704 2692 nomen
721 2638 821 2710 atque
837 2629 880 2691 ad
900 2629 1147 2692 lamentandam
1167 2639 1251 2692 tanti
1268 2628 1399 2711 imperii

292 2731 517 2795 calamitatem
534 2732 749 2815 relinquatur.

298 2989 331 3050 T
326 2989 367 3051 lze
381 2988 475 3072 guilr
488 2993 529 3071 of
544 2989 779 3072 thepn'soners
795 2990 949 3054 hasbeen
963 2991 1057 3072 fully
1072 2991 1207 3074 proved,
1223 3011 1291 3071 you
1310 2998 1399 3052 must

642 3114 717 3158 now
739 3094 849 3158 decide
871 3095 958 3157 their
966 3095 1054 3176 fate.

338 3273 365 3331 3.
401 3256 496 3319 Haec
513 3256 625 3320 omnia
641 3255 768 3320 indicos
784 3257 982 3331 dotularunt,
1000 3266 1049 3319 rei
1064 3256 1210 3320 confessi
1233 3266 1319 3331 sunt,
1337 3263 1396 3319 vos

292 3361 407 3422 multis
423 3361 487 3421 iam
510 3359 638 3422 iodiciis
659 3360 872 3435 iudicavistis,
891 3371 1033 3442 primum
1058 3361 1146 3443 quod
1171 3361 1251 3422 mihi
1272 3361 1396 3440 gratias

293 3463 411 3544 (egistis
439 3462 661 3544 singularibus
682 3463 791 3527 verbis
814 3473 848 3527 et
872 3472 945 3527 mea
962 3466 1084 3526 virtote
1108 3474 1208 3545 atque
1225 3462 1396 3544 diligentia
1406 3487 1434 3516 20

292 3566 498 3649 perditorum
515 3566 687 3629 hominum
705 3567 966 3631 coniarationem
981 3568 1182 3650 patefactam
1198 3587 1271 3629 esse
1284 3566 1395 3628 daero-

292 3669 396 3744 vistis,
415 3670 536 3734 deinde
557 3671 645 3752 quod
666 3671 699 3733 P.
719 3671 899 3734 Lentulum
918 3679 953 3733 so
975 3671 1129 3733 abdicare
1153 3677 1307 3751 praetora
1326 3676 1396 3731 coa-

292 3774 399 3856 gistis,
425 3783 496 3836 tum
519 3774 608 3856 quod
637 3794 713 3837 eum
738 3783 771 3836 et
794 3782 930 3847 caeteros,
949 3774 990 3835 do
1014 3773 1132 3854 quibus
1156 3772 1335 3846 iodicastiS,
1362 3772 1395 3835 in

292 3877 476 3942 custodiam
495 3878 623 3940 dandos
640 3879 824 3953 censuistis,
843 3877 1050 3958 maximoque
1067 3877 1156 3957 quod
1174 3883 1247 3936 meo
1263 3875 1396 3939 nomine

292 3983 572 4066 supplicationem
598 3981 801 4056 docrevistis,
819 3990 875 4062 qui
892 3981 997 4043 honos
1022 3986 1137 4058 togato
1161 3976 1294 4042 habitus
1318 3990 1432 4051 anteo
