3375 4775
508 567 648 620 SECOND
672 566 830 619 ORATION
854 565 1005 617 AGAINST
1028 564 1194 617 CATILINE
1344 570 1403 635 113

295 746 490 809 debilitetus
512 743 622 806 subite
647 741 861 824 pertimuerit,
885 741 1083 804 sententiam
1107 742 1292 815 muniverit,
1315 742 1405 805 dese-

295 851 401 912 ruerit
428 856 517 923 sueS,
546 847 718 909 censilium
746 846 825 907 belli
852 846 997 908 faciendi
1027 844 1183 907 abiecerit
1209 855 1242 907 et
1272 866 1312 907 ex
1344 846 1404 909 hec

296 960 397 1016 cursu
427 951 562 1014 sceleris
590 970 628 1012 ac
655 950 734 1012 belli
763 949 825 1012 iter
852 950 894 1011 ad
921 949 1036 1030 fugam
1064 959 1163 1031 atque
1190 950 1224 1010 in
1255 949 1403 1012 exsilium

297 1054 510 1129 converterit,
538 1062 605 1116 nen
629 1053 685 1115 ille
709 1060 730 1114 ri
754 1060 807 1115 me
832 1053 993 1134 spolietus
1018 1062 1117 1114 armis
1143 1053 1311 1125 audeciae,
1337 1061 1404 1114 nen

298 1158 555 1239 obstupefactus
582 1176 621 1219 ac
648 1156 843 1237 perterritus
870 1163 943 1218 mee
974 1154 1153 1236 diligentie,
1182 1163 1249 1217 nen
1276 1156 1317 1217 de
1345 1163 1404 1236 spe
1428 1184 1438 1229 5

298 1269 490 1344 cenetirque
511 1260 681 1341 depulsus,
704 1260 763 1322 sed
786 1258 999 1322 indemnatus
1020 1261 1180 1321 innocens
1201 1260 1234 1320 in
1255 1259 1404 1322 exsilium

299 1366 425 1428 eiectus
449 1372 469 1426 ai
492 1364 629 1426 censule
652 1374 685 1425 vi
707 1371 740 1426 et
768 1364 865 1425 minis
892 1383 965 1426 esse
993 1364 1137 1435 dicetur;
1165 1373 1199 1425 et
1225 1372 1323 1425 erunt
1349 1372 1405 1444 qui

298 1469 402 1544 illum,
425 1478 454 1531 si
474 1468 538 1530 hec
560 1468 686 1542 fecerit,
703 1475 771 1528 nen
792 1466 979 1548 improbum
1002 1466 1060 1529 sed
1080 1466 1245 1541 miserum,
1264 1474 1316 1528 me
1337 1475 1404 1529 nen

299 1571 591 1653 diligentissimum
626 1571 796 1633 censulem
832 1571 891 1633 sed
929 1570 1191 1632 crudelissimum
1226 1578 1405 1653 tyrannum

298 1678 481 1739 existimari
499 1675 621 1738 velint!
670 1675 731 1737 Est
752 1674 833 1735 mihi
854 1682 946 1748 tanti,
969 1674 1125 1756 Quirites
1143 1675 1240 1737 huius
1262 1674 1404 1737 invidiae
1416 1703 1443 1734 ιο

298 1780 407 1842 falsae
438 1788 538 1861 atque
568 1780 702 1860 iniquae
730 1784 964 1858 tempestatem
995 1778 1114 1850 subire,
1146 1778 1225 1838 dum
1256 1779 1354 1840 modo
1385 1786 1404 1840 e

298 1884 394 1946 vebis
426 1881 525 1944 huius
558 1881 723 1944 horribilis
752 1881 832 1943 belli
861 1900 900 1943 ac
931 1881 1052 1943 neferii
1084 1881 1264 1961 periculum
1295 1882 1404 1963 depel-

300 1988 395 2049 iretur.

345 2091 486 2153 Dicetur
520 2096 601 2154 sene
635 2090 759 2152 eiectus
793 2109 867 2152 esse
897 2096 917 2151 a
947 2096 1009 2163 me,
1042 2090 1121 2150 dum
1156 2088 1254 2151 modo
1288 2098 1342 2151 eat
1369 2092 1404 2151 in

297 2195 461 2258 exsilium.
509 2193 587 2267 Sed,
612 2192 692 2254 mihi
718 2193 852 2268 credite,
878 2201 944 2255 nen
971 2203 1022 2255 est
1048 2194 1163 2255 iturus.
1212 2194 1403 2275 Numquam
1417 2221 1440 2266 ις

297 2318 363 2379 ego
390 2296 433 2359 ab
461 2298 511 2360 dis
538 2296 777 2359 immortailibus
805 2297 938 2378 optabri,
963 2297 1120 2379 Quirites,
1145 2297 1287 2359 invidiae
1310 2316 1429 2374 meae,

297 2403 463 2465 levandae
482 2409 593 2476 causer,
611 2411 647 2463 ut
667 2401 704 2463 L.
723 2402 900 2465 Catilinam
920 2402 1041 2465 ducere
1061 2403 1240 2465 exercitum
1260 2402 1403 2464 hostium

296 2517 400 2588 atque
415 2506 449 2568 in
466 2515 567 2567 armis
582 2505 721 2568 volitere
737 2505 888 2581 audiritis,
906 2507 965 2569 sed
986 2508 1094 2569 tridue
1114 2517 1225 2569 tamen
1245 2508 1402 2583 audietis;

297 2611 472 2691 multeque
499 2608 607 2689 magis
633 2608 714 2670 illud
744 2610 854 2685 timee,
879 2619 921 2673 ne
948 2611 1028 2672 mihi
1056 2612 1098 2674 sit
1124 2611 1322 2673 invidiesum
1350 2611 1405 2673 ali-

296 2713 443 2794 quande,
460 2713 551 2794 quod
573 2713 666 2775 illum
687 2714 852 2777 emiserim
874 2716 983 2795 potius
1005 2736 1105 2797 quam
1129 2715 1217 2797 quud
1241 2716 1401 2778 eiecerim.
1414 2743 1441 2773 20

298 2817 365 2880 Sed
382 2836 459 2879 cum
477 2817 544 2879 sint
559 2817 711 2880 homines
728 2827 784 2899 qui
799 2819 901 2893 illurn,
916 2838 990 2881 cum
1008 2820 1177 2900 proiectus
1195 2819 1244 2893 sit,
1262 2819 1403 2882 eiectum

296 2939 372 2983 esse
390 2920 512 2995 dicant,
529 2919 628 2995 idern,
645 2930 673 2982 si
689 2921 885 2984 interfectus
903 2932 1000 2996 esset,
1018 2922 1097 3003 quid
1113 2923 1282 2985 dicerent?

343 3022 558 3104 Quamquam
581 3024 644 3098 isti,
670 3034 727 3106 qui
753 3024 930 3088 Catilinam
960 3026 1144 3088 Massiliam
1169 3036 1217 3089 ire
1241 3028 1401 3104 dictitant,

297 3134 364 3188 nen
382 3135 452 3188 tarn
469 3127 532 3188 hec
549 3138 733 3208 queruntur
748 3148 849 3209 quarn
866 3138 1030 3191 verentur.
1075 3131 1184 3191 Neine
1200 3140 1250 3193 est
1266 3133 1402 3193 isterum

297 3239 366 3292 tam
383 3229 581 3306 misericors,
599 3240 656 3312 qui
671 3231 762 3292 illum
779 3239 846 3294 nen
866 3233 908 3294 ad
929 3233 1090 3294 Manlium
1109 3254 1208 3314 quarn
1225 3235 1267 3296 ad
1288 3235 1439 3310 Massi-25

298 3333 419 3397 lienses
438 3343 487 3396 ire
509 3334 610 3396 mailit.
660 3335 721 3396 llle
742 3345 862 3409 autern,
882 3343 910 3398 si
930 3338 1118 3400 mehercule
1140 3339 1203 3399 hec
1225 3339 1312 3419 quod
1334 3339 1403 3418 agit

298 3457 482 3519 numquam
499 3444 597 3500 anteri
610 3439 799 3519 cegitaisset,
814 3449 927 3502 tamen
944 3441 1194 3503 latrecinantem
1213 3450 1247 3503 se
1264 3441 1404 3504 interfici

298 3541 410 3605 mellei
442 3561 544 3622 quam
575 3542 722 3604 exsulem
750 3552 870 3605 vivere.
920 3544 1019 3606 Nunc
1046 3551 1132 3615 vere,
1162 3565 1235 3606 cum
1264 3556 1295 3608 ei
1322 3547 1403 3607 nihil

297 3646 407 3708 adhuc
425 3654 559 3726 praeter
576 3644 681 3725 ipsius
695 3646 901 3709 voluntatem
919 3647 1220 3728 cegitaitirinemque
1237 3649 1401 3724 acciderit,

298 3747 358 3811 nisi
378 3747 472 3830 quod
490 3755 574 3809 vivis
595 3748 689 3810 nebis
715 3750 822 3811 Reme
845 3749 1017 3830 profectus
1039 3759 1098 3824 est,
1116 3757 1268 3831 optemus
1293 3751 1404 3832 potius
1414 3781 1442 3827 30

259 3934 262 3940 .
298 3860 332 3915 ut
347 3861 403 3916 eat
419 3851 454 3913 in
472 3849 624 3914 exsilium
640 3870 741 3931 quarn
758 3859 943 3933 queraimur.

463 4068 616 4117 nxxxnnss'
633 4069 791 4117 crunno-8
