3375 4775
355 573 413 623 112
704 569 880 623 oxxnnus
902 571 947 635 or
970 566 1097 621 cicero

396 747 564 809 Hesterna
579 747 642 821 die,
656 747 813 829 Quirites,
827 766 903 809 cum
920 746 1010 808 domi
1021 766 1116 809 meae
1132 765 1241 827 paene
1256 745 1455 808 interfectus

350 869 467 925 essem,
493 858 644 912 senatum
676 850 709 911 in
736 850 854 912 aedem
883 848 1140 940 lovisdsstataris
1168 856 1359 923 convocavi,
1385 869 1456 911 rem

351 973 483 1016 omnem
510 954 552 1015 ad
579 961 691 1034 patres
717 960 923 1033 canscriptas
950 935 1061 1014 detuli.
1109 952 1286 1033 Quacum
1311 952 1456 1015 Catilina

349 1059 504 1131 venisset,
525 1058 598 1139 quis
621 1076 697 1119 eum
721 1063 855 1143 senator
879 1056 1068 1136 appellavit,
1093 1055 1166 1136 quis
1190 1055 1356 1129 salutavit,
1382 1055 1456 1137 quis

329 1160 493 1241 sdenique
520 1159 565 1222 ita
592 1159 721 1241 aspexit
744 1170 781 1222 ut
808 1160 972 1240 perditum
998 1167 1103 1220 civem
1127 1165 1257 1220 aenan
1284 1159 1395 1239 potius
1420 1169 1456 1219 ut

350 1264 667 1345 importanissimum
707 1263 858 1325 hostem?
909 1262 999 1343 Quin
1037 1262 1137 1325 etiam
1177 1262 1345 1343 principes
1384 1262 1456 1324 eius

350 1368 473 1429 ardinis
489 1375 618 1448 partem
634 1366 723 1428 illam
746 1366 986 1439 subselliarum,
1004 1366 1046 1427 ad
1066 1386 1165 1447 quam
1184 1367 1240 1427 ille
1256 1374 1454 1440 accesserat,

350 1471 473 1532 nirdam
497 1480 596 1552 atque
618 1470 749 1531 inanem
770 1470 981 1551 reliquerunt.
1030 1470 1096 1531 Hic
1118 1489 1182 1550 ego
1201 1470 1384 1531 vehemens
1400 1469 1455 1530 ille

351 1574 474 1649 causul,
498 1583 553 1655 qui
575 1573 677 1635 verba
701 1581 788 1635 cives
811 1574 845 1633 in
870 1572 1020 1635 exsilium
1045 1572 1136 1647 eicia,
1157 1582 1306 1654 quaesivi
1326 1579 1346 1633 a
1369 1572 1455 1636 Cati-

314 1703 340 1733 ιο
350 1677 416 1737 lina
432 1677 465 1737 in
485 1684 647 1738 nocturna
668 1683 834 1738 conventri
852 1676 941 1756 apud
964 1677 1010 1737 M.
1031 1676 1175 1737 Laecam
1196 1675 1315 1737 fuisset
1335 1696 1453 1738 necne.

351 1779 436 1841 Cum
460 1780 514 1841 ille
538 1781 637 1841 homa
661 1780 900 1840 audacissimus
924 1779 1127 1840 canscientia
1150 1780 1320 1841 convictus
1345 1787 1454 1860 prima

349 1882 543 1956 reticuisset,
565 1883 709 1962 patefeci
730 1890 859 1957 cetera;
884 1882 963 1963 quid
984 1890 1023 1944 ea
1045 1891 1142 1944 nocte
1163 1883 1295 1962 egisset,
1319 1883 1399 1964 quid
1420 1883 1454 1944 in

351 1988 531 2065 proximam
563 1985 797 2058 canstituisset,
827 2006 926 2065 quem
957 1985 999 2046 ad
1029 1986 1163 2047 modum
1194 1995 1283 2047 esset
1311 1996 1343 2047 ei
1369 1987 1454 2048 ratid

350 2097 449 2151 tatius
470 2089 548 2151 belli
571 2089 745 2168 descripta,
771 2089 896 2150 edocui.
945 2088 1030 2151 Cum
1052 2089 1241 2163 haesitaret,
1265 2109 1343 2150 cum
1364 2096 1455 2151 tene-

277 2219 280 2224 ·
313 2216 338 2264 ις
349 2200 446 2265 retur,
461 2202 609 2274 quaesivi
631 2192 710 2274 quid
733 2191 899 2254 dubitaret
921 2191 1088 2271 proficisci
1102 2200 1142 2253 ea
1158 2199 1224 2273 qua
1240 2191 1305 2252 iam
1322 2191 1453 2271 pridem

350 2304 490 2377 pararet,
513 2316 589 2357 cum
613 2315 712 2370 arma,
736 2315 811 2357 cum
835 2302 978 2367 secures,
1000 2315 1075 2356 cum
1100 2296 1218 2368 fasces,
1244 2315 1320 2356 cum
1344 2296 1451 2369 tubaS,

350 2420 424 2462 cum
441 2410 537 2480 signa
554 2399 714 2474 militaria,
733 2419 808 2461 cum
828 2399 973 2480 aquilam
992 2399 1082 2460 illam
1103 2408 1306 2478 argenteam,
1325 2400 1379 2460 cui
1398 2399 1452 2460 ille

349 2505 448 2566 etiam
462 2505 641 2566 sacrarium
657 2505 745 2565 domi
757 2523 836 2565 suae
853 2504 987 2578 lecerat,
1003 2512 1119 2564 scirem
1133 2522 1207 2565 esse
1223 2501 1450 2582 praemissam.

351 2608 390 2668 In
411 2608 561 2669 exsilium
580 2607 747 2680 eiciebam,
768 2627 866 2687 quem
888 2608 953 2668 iam
972 2607 1160 2687 ingressum
1181 2625 1255 2668 esse
1274 2605 1308 2666 in
1327 2605 1452 2668 bellum

311 2710 525 2773 20vidabam?
572 2711 715 2785 Etenim,
744 2711 852 2783 creda,
883 2710 1029 2771 Manlius
1056 2709 1118 2772 iste
1145 2708 1305 2782 centuria,
1334 2718 1392 2790 qui
1417 2711 1451 2770 in

350 2822 431 2895 agra
454 2814 641 2876 Faesulana
662 2821 770 2875 castra
791 2813 911 2893 posuit,
929 2813 1051 2875 bellum
1074 2813 1198 2893 popula
1221 2813 1375 2874 Ramana
1391 2819 1451 2875 sua

350 2917 482 2980 namine
506 2917 630 2991 indixit,
655 2925 689 2978 et
711 2917 767 2978 illa
790 2926 898 2978 castra
923 2935 1011 2977 nunc
1035 2924 1101 2978 nan
1127 2915 1302 2979 Catilinam
1332 2916 1450 2978 ducem

349 3029 553 3101 exspectant,
582 3029 616 3082 et
645 3019 698 3082 ille
729 3020 854 3082 eiectus
881 3019 913 3080 in
941 3017 1092 3080 exsilium
1124 3026 1160 3081 sa
1192 3018 1387 3096 Massiliam,
1415 3027 1451 3081 ut

349 3123 451 3198 aiunt,
475 3131 542 3185 nan
566 3123 599 3184 in
616 3123 698 3185 haec
722 3131 829 3185 castra
854 3123 1013 3184 canferet.

348 3384 392 3466 If
407 3383 547 3448 Catiline
560 3385 683 3447 should
695 3407 740 3466 go
757 3385 823 3446 into
838 3383 930 3458 exile,
947 3384 971 3444 I
982 3383 1104 3445 should
1121 3383 1157 3445 be
1170 3383 1280 3446 called
1294 3405 1316 3445 a
1333 3392 1449 3464 tyram,

394 3488 452 3550 but
473 3490 513 3550 lte
537 3488 612 3551 will
633 3499 689 3551 not
707 3510 775 3569 g0,·
803 3487 838 3550 in
863 3488 951 3550 tlzree
974 3488 1056 3568 days
1078 3487 1119 3548 he
1143 3487 1219 3549 will
1241 3486 1278 3548 be
1302 3487 1337 3548 in
1361 3507 1451 3548 arms

392 3592 526 3674 against
546 3592 600 3653 his
621 3601 761 3670 courum.

312 3793 338 3842 ²5
393 3770 422 3831 7.
455 3740 485 3817 O
510 3754 735 3816 condicianem
765 3755 919 3816 miseram
942 3761 1010 3814 nan
1033 3752 1131 3815 modo
1158 3751 1449 3826 administrandae,

350 3858 578 3920 verumetiam
598 3858 845 3919 canservandae
865 3866 912 3919 rei
931 3857 1101 3936 pirblicael
1150 3856 1249 3916 Nunc
1267 3864 1294 3916 si
1312 3854 1349 3915 L.
1368 3854 1450 3917 Cati-

351 3965 417 4023 lina
448 3962 601 4035 cansiliis,
633 3959 809 4033 labaribuS,
842 3960 996 4040 periculis
1030 3968 1112 4021 meis
1144 3958 1383 4020 circumclusus
1414 3974 1450 4016 ac

262 4192 370 4218 Α
