<?xml version="1.0" encoding="UTF-8"?>
<!DOCTYPE html PUBLIC "-//W3C//DTD XHTML 1.0 Transitional//EN"
    "http://www.w3.org/TR/xhtml1/DTD/xhtml1-transitional.dtd">
<html xmlns="http://www.w3.org/1999/xhtml" xml:lang="en" lang="en">
 <head>
  <title>
</title>
<meta http-equiv="Content-Type" content="text/html;charset=utf-8" />
  <meta name='ocr-system' content='tesseract 3.04.00' />
  <meta name='ocr-capabilities' content='ocr_page ocr_carea ocr_par ocr_line ocrx_word'/>
</head>
<body>
  <div class='ocr_page' id='page_1' title='image "./nineorationscic00cicegoog/nineorationscic00cicegoog_0217.png"; bbox 0 0 3375 4775; ppageno 0'>
   <div class='ocr_carea' id='block_1_1' title="bbox 526 608 1398 678">
    <p class='ocr_par' dir='ltr' id='par_1_1' title="bbox 526 608 1398 678">
     <span class='ocr_line' id='line_1_1' title="bbox 526 608 1398 678; baseline -0.007 -13"><span class='ocrx_word' id='word_1_1' title='bbox 526 611 683 665; x_wconf 85' lang='lat' dir='ltr'><strong>ORATION</strong></span> <span class='ocrx_word' id='word_1_2' title='bbox 706 612 776 661; x_wconf 92' lang='lat' dir='ltr'><strong>FOR</strong></span> <span class='ocrx_word' id='word_1_3' title='bbox 796 611 873 660; x_wconf 86' lang='lat' dir='ltr'><strong>THE</strong></span> <span class='ocrx_word' id='word_1_4' title='bbox 896 611 984 660; x_wconf 89' lang='grc' dir='ltr'>ΡΟΕΤ</span> <span class='ocrx_word' id='word_1_5' title='bbox 1005 608 1162 658; x_wconf 85' lang='lat' dir='ltr'>ARCHIAS</span> <span class='ocrx_word' id='word_1_6' title='bbox 1337 610 1398 678; x_wconf 86' lang='lat'><strong>197</strong></span> 
     </span>
    </p>
   </div>
   <div class='ocr_carea' id='block_1_2' title="bbox 294 781 1433 1493">
    <p class='ocr_par' dir='ltr' id='par_1_2' title="bbox 294 781 1433 1493">
     <span class='ocr_line' id='line_1_2' title="bbox 294 781 1397 872; baseline -0.007 -20"><span class='ocrx_word' id='word_1_7' title='bbox 294 787 407 853; x_wconf 90' lang='lat' dir='ltr'><strong>omnia</strong></span> <span class='ocrx_word' id='word_1_8' title='bbox 438 788 586 872; x_wconf 86' lang='lat' dir='ltr'><strong>pericula</strong></span> <span class='ocrx_word' id='word_1_9' title='bbox 612 785 726 849; x_wconf 90' lang='lat' dir='ltr'><strong>mortis</strong></span> <span class='ocrx_word' id='word_1_10' title='bbox 753 795 854 868; x_wconf 89' lang='lat' dir='ltr'><strong>atque</strong></span> <span class='ocrx_word' id='word_1_11' title='bbox 878 784 983 848; x_wconf 94' lang='lat' dir='ltr'><strong>exsilii</strong></span> <span class='ocrx_word' id='word_1_12' title='bbox 1010 783 1104 865; x_wconf 93' lang='lat' dir='ltr'><strong>parvi</strong></span> <span class='ocrx_word' id='word_1_13' title='bbox 1130 803 1204 845; x_wconf 89' lang='lat' dir='ltr'><strong>esse</strong></span> <span class='ocrx_word' id='word_1_14' title='bbox 1235 781 1397 857; x_wconf 87' lang='lat' dir='ltr'><strong>ducenda,</strong></span> 
     </span>
     <span class='ocr_line' id='line_1_3' title="bbox 294 886 1399 975; baseline -0.007 -20"><span class='ocrx_word' id='word_1_15' title='bbox 294 912 479 975; x_wconf 82' lang='lat' dir='ltr'><strong>numquam</strong></span> <span class='ocrx_word' id='word_1_16' title='bbox 495 912 549 955; x_wconf 93' lang='lat' dir='ltr'><strong>me</strong></span> <span class='ocrx_word' id='word_1_17' title='bbox 565 912 625 973; x_wconf 91' lang='lat' dir='ltr'><strong>pro</strong></span> <span class='ocrx_word' id='word_1_18' title='bbox 642 891 748 953; x_wconf 89' lang='lat' dir='ltr'><strong>salute</strong></span> <span class='ocrx_word' id='word_1_19' title='bbox 757 899 870 953; x_wconf 90' lang='lat' dir='ltr'><strong>vestra</strong></span> <span class='ocrx_word' id='word_1_20' title='bbox 884 889 918 949; x_wconf 92' lang='lat' dir='ltr'><strong>in</strong></span> <span class='ocrx_word' id='word_1_21' title='bbox 934 897 984 951; x_wconf 94' lang='lat' dir='ltr'><strong>tot</strong></span> <span class='ocrx_word' id='word_1_22' title='bbox 995 907 1034 950; x_wconf 88' lang='lat' dir='ltr'><strong>ac</strong></span> <span class='ocrx_word' id='word_1_23' title='bbox 1046 896 1157 950; x_wconf 87' lang='lat' dir='ltr'><strong>tantas</strong></span> <span class='ocrx_word' id='word_1_24' title='bbox 1170 886 1399 949; x_wconf 86' lang='lat' dir='ltr'><strong>dimicationes</strong></span> 
     </span>
     <span class='ocr_line' id='line_1_4' title="bbox 295 990 1399 1080; baseline -0.009 -20"><span class='ocrx_word' id='word_1_25' title='bbox 295 1006 395 1080; x_wconf 92' lang='lat' dir='ltr'><strong>atque</strong></span> <span class='ocrx_word' id='word_1_26' title='bbox 420 996 454 1058; x_wconf 91' lang='lat' dir='ltr'><strong>in</strong></span> <span class='ocrx_word' id='word_1_27' title='bbox 486 996 547 1058; x_wconf 91' lang='lat' dir='ltr'><strong>hos</strong></span> <span class='ocrx_word' id='word_1_28' title='bbox 577 994 827 1076; x_wconf 85' lang='lat' dir='ltr'><strong>profligatorum</strong></span> <span class='ocrx_word' id='word_1_29' title='bbox 852 991 1023 1055; x_wconf 89' lang='lat' dir='ltr'><strong>hominum</strong></span> <span class='ocrx_word' id='word_1_30' title='bbox 1047 990 1232 1054; x_wconf 89' lang='lat' dir='ltr'><strong>cotidianos</strong></span> <span class='ocrx_word' id='word_1_31' title='bbox 1254 990 1399 1070; x_wconf 89' lang='lat' dir='ltr'><strong>impetus</strong></span> 
     </span>
     <span class='ocr_line' id='line_1_5' title="bbox 295 1093 1398 1179; baseline -0.009 -15"><span class='ocrx_word' id='word_1_32' title='bbox 295 1100 501 1164; x_wconf 89' lang='lat' dir='ltr'><strong>obiecissem.</strong></span> <span class='ocrx_word' id='word_1_33' title='bbox 549 1098 616 1163; x_wconf 86' lang='lat' dir='ltr'><strong>Sed</strong></span> <span class='ocrx_word' id='word_1_34' title='bbox 631 1097 723 1179; x_wconf 91' lang='lat' dir='ltr'><strong>pleni</strong></span> <span class='ocrx_word' id='word_1_35' title='bbox 738 1117 854 1160; x_wconf 90' lang='lat' dir='ltr'><strong>omnes</strong></span> <span class='ocrx_word' id='word_1_36' title='bbox 870 1105 949 1159; x_wconf 92' lang='lat' dir='ltr'><strong>sunt</strong></span> <span class='ocrx_word' id='word_1_37' title='bbox 963 1094 1046 1170; x_wconf 88' lang='lat' dir='ltr'><strong>libri,</strong></span> <span class='ocrx_word' id='word_1_38' title='bbox 1063 1095 1183 1176; x_wconf 84' lang='lat' dir='ltr'>plenae</span> <span class='ocrx_word' id='word_1_39' title='bbox 1199 1093 1398 1174; x_wconf 90' lang='lat' dir='ltr'><strong>sapientium</strong></span> 
     </span>
     <span class='ocr_line' id='line_1_6' title="bbox 294 1198 1433 1285; baseline -0.006 -19"><span class='ocrx_word' id='word_1_40' title='bbox 294 1225 404 1280; x_wconf 90' lang='lat' dir='ltr'><strong>voces,</strong></span> <span class='ocrx_word' id='word_1_41' title='bbox 423 1204 523 1285; x_wconf 88' lang='lat' dir='ltr'><strong>plena</strong></span> <span class='ocrx_word' id='word_1_42' title='bbox 545 1201 772 1283; x_wconf 91' lang='lat' dir='ltr'><strong>exemplorum</strong></span> <span class='ocrx_word' id='word_1_43' title='bbox 795 1210 963 1275; x_wconf 88' lang='lat' dir='ltr'><strong>vetustas;</strong></span> <span class='ocrx_word' id='word_1_44' title='bbox 987 1219 1072 1281; x_wconf 90' lang='lat' dir='ltr'><strong>quae</strong></span> <span class='ocrx_word' id='word_1_45' title='bbox 1095 1198 1242 1261; x_wconf 91' lang='lat' dir='ltr'><strong>iacerent</strong></span> <span class='ocrx_word' id='word_1_46' title='bbox 1257 1198 1292 1258; x_wconf 93' lang='lat' dir='ltr'><strong>in</strong></span> <span class='ocrx_word' id='word_1_47' title='bbox 1311 1205 1398 1259; x_wconf 90' lang='lat' dir='ltr'><strong>tene·</strong></span> <span class='ocrx_word' id='word_1_48' title='bbox 1421 1219 1433 1269; x_wconf 81' lang='lat'>5</span> 
     </span>
     <span class='ocr_line' id='line_1_7' title="bbox 295 1299 1399 1382; baseline -0.006 -13"><span class='ocrx_word' id='word_1_49' title='bbox 295 1307 362 1370; x_wconf 91' lang='lat' dir='ltr'><strong>bris</strong></span> <span class='ocrx_word' id='word_1_50' title='bbox 378 1308 500 1379; x_wconf 93' lang='lat' dir='ltr'><strong>omnia,</strong></span> <span class='ocrx_word' id='word_1_51' title='bbox 518 1306 581 1369; x_wconf 93' lang='lat' dir='ltr'><strong>nisi</strong></span> <span class='ocrx_word' id='word_1_52' title='bbox 596 1306 779 1369; x_wconf 88' lang='lat' dir='ltr'><strong>litterarum</strong></span> <span class='ocrx_word' id='word_1_53' title='bbox 796 1305 909 1366; x_wconf 90' lang='lat' dir='ltr'><strong>lumen</strong></span> <span class='ocrx_word' id='word_1_54' title='bbox 922 1301 1105 1366; x_wconf 85' lang='lat' dir='ltr'><strong>accederet.</strong></span> <span class='ocrx_word' id='word_1_55' title='bbox 1156 1300 1265 1382; x_wconf 85' lang='lat' dir='ltr'><strong>Quam</strong></span> <span class='ocrx_word' id='word_1_56' title='bbox 1278 1299 1399 1362; x_wconf 90' lang='lat' dir='ltr'><strong>multas</strong></span> 
     </span>
     <span class='ocr_line' id='line_1_8' title="bbox 296 1405 1400 1493; baseline -0.008 -18"><span class='ocrx_word' id='word_1_57' title='bbox 296 1410 396 1475; x_wconf 91' lang='lat' dir='ltr'><strong>nobis</strong></span> <span class='ocrx_word' id='word_1_58' title='bbox 411 1411 584 1493; x_wconf 87' lang='lat' dir='ltr'><strong>imagines,</strong></span> <span class='ocrx_word' id='word_1_59' title='bbox 601 1431 669 1475; x_wconf 93' lang='lat' dir='ltr'><strong>non</strong></span> <span class='ocrx_word' id='word_1_60' title='bbox 686 1411 793 1473; x_wconf 91' lang='lat' dir='ltr'><strong>solum</strong></span> <span class='ocrx_word' id='word_1_61' title='bbox 808 1411 851 1473; x_wconf 89' lang='lat' dir='ltr'><strong>ad</strong></span> <span class='ocrx_word' id='word_1_62' title='bbox 875 1410 1071 1472; x_wconf 90' lang='lat' dir='ltr'><strong>intuendum</strong></span> <span class='ocrx_word' id='word_1_63' title='bbox 1095 1429 1211 1471; x_wconf 92' lang='lat' dir='ltr'><strong>verum</strong></span> <span class='ocrx_word' id='word_1_64' title='bbox 1234 1407 1334 1470; x_wconf 91' lang='lat' dir='ltr'><strong>etiam</strong></span> <span class='ocrx_word' id='word_1_65' title='bbox 1357 1405 1400 1468; x_wconf 89' lang='lat' dir='ltr'><strong>ad</strong></span> 
     </span>
    </p>
   </div>
   <div class='ocr_carea' id='block_1_3' title="bbox 294 1511 1403 1693">
    <p class='ocr_par' dir='ltr' id='par_1_3' title="bbox 294 1511 1403 1693">
     <span class='ocr_line' id='line_1_9' title="bbox 296 1511 1403 1593; baseline -0.003 -18"><span class='ocrx_word' id='word_1_66' title='bbox 296 1514 505 1590; x_wconf 91' lang='lat' dir='ltr'><strong>imitandum,</strong></span> <span class='ocrx_word' id='word_1_67' title='bbox 523 1514 778 1578; x_wconf 77' lang='lat' dir='ltr'><strong>fortissimorum</strong></span> <span class='ocrx_word' id='word_1_68' title='bbox 802 1516 946 1577; x_wconf 91' lang='lat' dir='ltr'><strong>virorum</strong></span> <span class='ocrx_word' id='word_1_69' title='bbox 970 1532 1143 1593; x_wconf 89' lang='lat' dir='ltr'><strong>expressas</strong></span> <span class='ocrx_word' id='word_1_70' title='bbox 1167 1511 1345 1593; x_wconf 88' lang='lat' dir='ltr'><strong>scriptores</strong></span> <span class='ocrx_word' id='word_1_71' title='bbox 1368 1519 1403 1573; x_wconf 91' lang='lat' dir='ltr'><strong>et</strong></span> 
     </span>
     <span class='ocr_line' id='line_1_10' title="bbox 294 1607 1399 1693; baseline -0.004 -19"><span class='ocrx_word' id='word_1_72' title='bbox 294 1611 415 1674; x_wconf 90' lang='lat' dir='ltr'><strong>Graeci</strong></span> <span class='ocrx_word' id='word_1_73' title='bbox 432 1621 465 1673; x_wconf 90' lang='lat' dir='ltr'><strong>et</strong></span> <span class='ocrx_word' id='word_1_74' title='bbox 479 1610 590 1673; x_wconf 88' lang='lat' dir='ltr'><strong>Latini</strong></span> <span class='ocrx_word' id='word_1_75' title='bbox 606 1610 823 1692; x_wconf 89' lang='lat' dir='ltr'><strong>reliquerunt;</strong></span> <span class='ocrx_word' id='word_1_76' title='bbox 840 1631 924 1693; x_wconf 91' lang='lat' dir='ltr'><strong>quas</strong></span> <span class='ocrx_word' id='word_1_77' title='bbox 936 1630 999 1692; x_wconf 88' lang='lat' dir='ltr'><strong>ego</strong></span> <span class='ocrx_word' id='word_1_78' title='bbox 1012 1610 1092 1672; x_wconf 94' lang='lat' dir='ltr'><strong>mihi</strong></span> <span class='ocrx_word' id='word_1_79' title='bbox 1108 1630 1240 1690; x_wconf 87' lang='lat' dir='ltr'><strong>semper</strong></span> <span class='ocrx_word' id='word_1_80' title='bbox 1251 1610 1286 1671; x_wconf 87' lang='lat' dir='ltr'><strong>in</strong></span> <span class='ocrx_word' id='word_1_81' title='bbox 1298 1607 1399 1671; x_wconf 87' lang='lat' dir='ltr'><strong>admi-</strong></span> 
     </span>
    </p>
   </div>
   <div class='ocr_carea' id='block_1_4' title="bbox 293 1713 1436 1899">
    <p class='ocr_par' dir='ltr' id='par_1_4' title="bbox 293 1713 1436 1899">
     <span class='ocr_line' id='line_1_11' title="bbox 293 1713 1436 1795; baseline -0.003 -19"><span class='ocrx_word' id='word_1_82' title='bbox 293 1714 468 1776; x_wconf 92' lang='lat' dir='ltr'><strong>nistranda</strong></span> <span class='ocrx_word' id='word_1_83' title='bbox 484 1734 518 1777; x_wconf 92' lang='lat' dir='ltr'><strong>re</strong></span> <span class='ocrx_word' id='word_1_84' title='bbox 534 1713 666 1795; x_wconf 89' lang='lat' dir='ltr'><strong>publica</strong></span> <span class='ocrx_word' id='word_1_85' title='bbox 682 1734 874 1795; x_wconf 89' lang='lat' dir='ltr'><strong>proponens</strong></span> <span class='ocrx_word' id='word_1_86' title='bbox 895 1713 1042 1775; x_wconf 89' lang='lat' dir='ltr'><strong>animum</strong></span> <span class='ocrx_word' id='word_1_87' title='bbox 1065 1722 1099 1775; x_wconf 91' lang='lat' dir='ltr'><strong>et</strong></span> <span class='ocrx_word' id='word_1_88' title='bbox 1122 1722 1268 1775; x_wconf 88' lang='lat' dir='ltr'><strong>mentem</strong></span> <span class='ocrx_word' id='word_1_89' title='bbox 1289 1732 1397 1774; x_wconf 90' lang='lat' dir='ltr'><strong>meam</strong></span> <span class='ocrx_word' id='word_1_90' title='bbox 1409 1740 1436 1772; x_wconf 87' lang='lat'><strong>10</strong></span> 
     </span>
     <span class='ocr_line' id='line_1_12' title="bbox 293 1815 1294 1899; baseline 0 -20"><span class='ocrx_word' id='word_1_91' title='bbox 293 1817 367 1899; x_wconf 90' lang='lat' dir='ltr'><strong>ipsa</strong></span> <span class='ocrx_word' id='word_1_92' title='bbox 383 1816 584 1899; x_wconf 86' lang='lat' dir='ltr'><strong>cogitatione</strong></span> <span class='ocrx_word' id='word_1_93' title='bbox 600 1818 772 1879; x_wconf 90' lang='lat' dir='ltr'><strong>hominum</strong></span> <span class='ocrx_word' id='word_1_94' title='bbox 788 1816 1019 1880; x_wconf 90' lang='lat' dir='ltr'><strong>excellentium</strong></span> <span class='ocrx_word' id='word_1_95' title='bbox 1036 1815 1294 1879; x_wconf 84' lang='lat' dir='ltr'><strong>conformabam.</strong></span> 
     </span>
    </p>
   </div>
   <div class='ocr_carea' id='block_1_5' title="bbox 293 2076 1397 2244">
    <p class='ocr_par' dir='ltr' id='par_1_5' title="bbox 293 2076 1397 2244">
     <span class='ocr_line' id='line_1_13' title="bbox 293 2076 1397 2159; baseline -0.001 -19"><span class='ocrx_word' id='word_1_96' title='bbox 293 2078 401 2159; x_wconf 89' lang='lat' dir='ltr'><strong>Many</strong></span> <span class='ocrx_word' id='word_1_97' title='bbox 426 2078 469 2159; x_wconf 86' lang='lat' dir='ltr'><strong>of</strong></span> <span class='ocrx_word' id='word_1_98' title='bbox 486 2099 548 2139; x_wconf 83' lang='lat' dir='ltr'><strong>our</strong></span> <span class='ocrx_word' id='word_1_99' title='bbox 573 2086 660 2141; x_wconf 83' lang='lat' dir='ltr'><strong>most</strong></span> <span class='ocrx_word' id='word_1_100' title='bbox 684 2077 870 2141; x_wconf 60' lang='lat' dir='ltr'><strong>illustrioris</strong></span> <span class='ocrx_word' id='word_1_101' title='bbox 890 2077 1024 2140; x_wconf 73' lang='lat' dir='ltr'><strong>citizens</strong></span> <span class='ocrx_word' id='word_1_102' title='bbox 1050 2077 1134 2140; x_wconf 76' lang='lat' dir='ltr'><strong>have</strong></span> <span class='ocrx_word' id='word_1_103' title='bbox 1160 2076 1234 2139; x_wconf 83' lang='lat' dir='ltr'><strong>been</strong></span> <span class='ocrx_word' id='word_1_104' title='bbox 1260 2099 1333 2139; x_wconf 81' lang='lat' dir='ltr'><strong>men</strong></span> <span class='ocrx_word' id='word_1_105' title='bbox 1356 2076 1397 2158; x_wconf 88' lang='lat' dir='ltr'><strong>of</strong></span> 
     </span>
     <span class='ocr_line' id='line_1_14' title="bbox 782 2183 915 2244; baseline 0.008 -1"><span class='ocrx_word' id='word_1_106' title='bbox 782 2183 915 2244; x_wconf 78' lang='lat' dir='ltr'><strong>culture.</strong></span> 
     </span>
    </p>
   </div>
   <div class='ocr_carea' id='block_1_6' title="bbox 292 2342 1476 4083">
    <p class='ocr_par' dir='ltr' id='par_1_6' title="bbox 292 2342 1476 4083">
     <span class='ocr_line' id='line_1_15' title="bbox 338 2342 1398 2427; baseline 0.002 -21"><span class='ocrx_word' id='word_1_107' title='bbox 338 2360 368 2422; x_wconf 88' lang='lat'><strong>7.</strong></span> <span class='ocrx_word' id='word_1_108' title='bbox 401 2343 550 2427; x_wconf 84' lang='lat' dir='ltr'><strong>Quaeret</strong></span> <span class='ocrx_word' id='word_1_109' title='bbox 565 2344 749 2426; x_wconf 87' lang='lat' dir='ltr'><strong>quispiam:</strong></span> <span class='ocrx_word' id='word_1_110' title='bbox 774 2349 782 2375; x_wconf 87' lang='lat'>‘</span> <span class='ocrx_word' id='word_1_111' title='bbox 796 2343 908 2426; x_wconf 85' lang='lat' dir='ltr'><strong>Quid?</strong></span> <span class='ocrx_word' id='word_1_112' title='bbox 947 2343 1000 2406; x_wconf 93' lang='lat' dir='ltr'><strong>Illi</strong></span> <span class='ocrx_word' id='word_1_113' title='bbox 1018 2342 1082 2426; x_wconf 92' lang='lat' dir='ltr'><strong>ipsi</strong></span> <span class='ocrx_word' id='word_1_114' title='bbox 1098 2344 1218 2407; x_wconf 93' lang='lat' dir='ltr'><strong>summi</strong></span> <span class='ocrx_word' id='word_1_115' title='bbox 1233 2342 1303 2419; x_wconf 91' lang='lat' dir='ltr'><strong>viri,</strong></span> <span class='ocrx_word' id='word_1_116' title='bbox 1320 2364 1398 2426; x_wconf 91' lang='lat' dir='ltr'><strong>quo·</strong></span> 
     </span>
     <span class='ocr_line' id='line_1_16' title="bbox 293 2447 1396 2529; baseline -0.001 -18"><span class='ocrx_word' id='word_1_117' title='bbox 293 2469 368 2511; x_wconf 92' lang='lat' dir='ltr'><strong>rum</strong></span> <span class='ocrx_word' id='word_1_118' title='bbox 385 2449 524 2511; x_wconf 88' lang='lat' dir='ltr'><strong>virtutes</strong></span> <span class='ocrx_word' id='word_1_119' title='bbox 540 2447 658 2511; x_wconf 93' lang='lat' dir='ltr'><strong>litteris</strong></span> <span class='ocrx_word' id='word_1_120' title='bbox 676 2447 826 2529; x_wconf 90' lang='lat' dir='ltr'><strong>proditae</strong></span> <span class='ocrx_word' id='word_1_121' title='bbox 842 2457 929 2522; x_wconf 88' lang='lat' dir='ltr'><strong>sunt,</strong></span> <span class='ocrx_word' id='word_1_122' title='bbox 947 2448 1054 2510; x_wconf 89' lang='lat' dir='ltr'><strong>istane</strong></span> <span class='ocrx_word' id='word_1_123' title='bbox 1067 2448 1226 2523; x_wconf 90' lang='lat' dir='ltr'><strong>doctrina,</strong></span> <span class='ocrx_word' id='word_1_124' title='bbox 1244 2468 1344 2528; x_wconf 92' lang='lat' dir='ltr'><strong>quam</strong></span> <span class='ocrx_word' id='word_1_125' title='bbox 1360 2458 1396 2511; x_wconf 92' lang='lat' dir='ltr'><strong>tu</strong></span> 
     </span>
     <span class='ocr_line' id='line_1_17' title="bbox 293 2551 1397 2627; baseline 0 -13"><span class='ocrx_word' id='word_1_126' title='bbox 293 2552 397 2614; x_wconf 88' lang='lat' dir='ltr'><strong>effers</strong></span> <span class='ocrx_word' id='word_1_127' title='bbox 428 2551 590 2627; x_wconf 91' lang='lat' dir='ltr'><strong>laudibus,</strong></span> <span class='ocrx_word' id='word_1_128' title='bbox 622 2551 742 2614; x_wconf 90' lang='lat' dir='ltr'><strong>eruditi</strong></span> <span class='ocrx_word' id='word_1_129' title='bbox 772 2551 949 2614; x_wconf 82' lang='lat' dir='ltr'><strong>fuerunt?’</strong></span> <span class='ocrx_word' id='word_1_130' title='bbox 1009 2551 1151 2614; x_wconf 88' lang='lat' dir='ltr'><strong>Difficile</strong></span> <span class='ocrx_word' id='word_1_131' title='bbox 1180 2560 1232 2613; x_wconf 92' lang='lat' dir='ltr'><strong>est</strong></span> <span class='ocrx_word' id='word_1_132' title='bbox 1263 2552 1325 2614; x_wconf 94' lang='lat' dir='ltr'><strong>hoc</strong></span> <span class='ocrx_word' id='word_1_133' title='bbox 1355 2552 1397 2614; x_wconf 91' lang='lat' dir='ltr'><strong>de</strong></span> 
     </span>
     <span class='ocr_line' id='line_1_18' title="bbox 293 2654 1433 2737; baseline -0.004 -19"><span class='ocrx_word' id='word_1_134' title='bbox 293 2654 449 2718; x_wconf 92' lang='lat' dir='ltr'><strong>omnibus</strong></span> <span class='ocrx_word' id='word_1_135' title='bbox 471 2655 676 2730; x_wconf 87' lang='lat' dir='ltr'><strong>confirmare,</strong></span> <span class='ocrx_word' id='word_1_136' title='bbox 704 2655 765 2718; x_wconf 91' lang='lat' dir='ltr'><strong>sed</strong></span> <span class='ocrx_word' id='word_1_137' title='bbox 794 2664 906 2717; x_wconf 88' lang='lat' dir='ltr'><strong>tamen</strong></span> <span class='ocrx_word' id='word_1_138' title='bbox 930 2664 982 2717; x_wconf 91' lang='lat' dir='ltr'><strong>est</strong></span> <span class='ocrx_word' id='word_1_139' title='bbox 1005 2665 1131 2717; x_wconf 91' lang='lat' dir='ltr'><strong>certum</strong></span> <span class='ocrx_word' id='word_1_140' title='bbox 1154 2655 1234 2737; x_wconf 93' lang='lat' dir='ltr'><strong>quid</strong></span> <span class='ocrx_word' id='word_1_141' title='bbox 1263 2664 1433 2736; x_wconf 82' lang='lat' dir='ltr'><strong>respon-¹5</strong></span> 
     </span>
     <span class='ocr_line' id='line_1_19' title="bbox 294 2758 1397 2840; baseline -0.001 -18"><span class='ocrx_word' id='word_1_142' title='bbox 294 2759 401 2822; x_wconf 91' lang='lat' dir='ltr'><strong>deam.</strong></span> <span class='ocrx_word' id='word_1_143' title='bbox 450 2759 524 2840; x_wconf 87' lang='lat' dir='ltr'><strong>Ego</strong></span> <span class='ocrx_word' id='word_1_144' title='bbox 547 2760 670 2822; x_wconf 90' lang='lat' dir='ltr'><strong>multos</strong></span> <span class='ocrx_word' id='word_1_145' title='bbox 699 2758 851 2821; x_wconf 92' lang='lat' dir='ltr'><strong>homines</strong></span> <span class='ocrx_word' id='word_1_146' title='bbox 882 2759 1056 2821; x_wconf 84' lang='lat' dir='ltr'><strong>excellenti</strong></span> <span class='ocrx_word' id='word_1_147' title='bbox 1079 2758 1188 2820; x_wconf 88' lang='lat' dir='ltr'><strong>animo</strong></span> <span class='ocrx_word' id='word_1_148' title='bbox 1211 2778 1250 2821; x_wconf 89' lang='lat' dir='ltr'><strong>ac</strong></span> <span class='ocrx_word' id='word_1_149' title='bbox 1275 2758 1397 2821; x_wconf 90' lang='lat' dir='ltr'><strong>virtute</strong></span> 
     </span>
     <span class='ocr_line' id='line_1_20' title="bbox 293 2861 1396 2944; baseline 0 -19"><span class='ocrx_word' id='word_1_150' title='bbox 293 2864 400 2926; x_wconf 86' lang='lat' dir='ltr'><strong>fuisse</strong></span> <span class='ocrx_word' id='word_1_151' title='bbox 423 2863 494 2926; x_wconf 90' lang='lat' dir='ltr'><strong>sine</strong></span> <span class='ocrx_word' id='word_1_152' title='bbox 516 2862 667 2926; x_wconf 90' lang='lat' dir='ltr'><strong>doctrina</strong></span> <span class='ocrx_word' id='word_1_153' title='bbox 682 2872 717 2926; x_wconf 90' lang='lat' dir='ltr'><strong>et</strong></span> <span class='ocrx_word' id='word_1_154' title='bbox 736 2871 876 2925; x_wconf 89' lang='lat' dir='ltr'><strong>naturae</strong></span> <span class='ocrx_word' id='word_1_155' title='bbox 899 2863 1003 2944; x_wconf 90' lang='lat' dir='ltr'><strong>ipsius</strong></span> <span class='ocrx_word' id='word_1_156' title='bbox 1020 2862 1134 2925; x_wconf 89' lang='lat' dir='ltr'><strong>habitu</strong></span> <span class='ocrx_word' id='word_1_157' title='bbox 1158 2881 1262 2943; x_wconf 93' lang='lat' dir='ltr'><strong>prope</strong></span> <span class='ocrx_word' id='word_1_158' title='bbox 1285 2861 1396 2925; x_wconf 91' lang='lat' dir='ltr'><strong>divino</strong></span> 
     </span>
     <span class='ocr_line' id='line_1_21' title="bbox 294 2965 1395 3048; baseline -0.001 -19"><span class='ocrx_word' id='word_1_159' title='bbox 294 2987 356 3048; x_wconf 91' lang='lat' dir='ltr'><strong>per</strong></span> <span class='ocrx_word' id='word_1_160' title='bbox 386 2986 422 3029; x_wconf 90' lang='lat' dir='ltr'><strong>se</strong></span> <span class='ocrx_word' id='word_1_161' title='bbox 457 2968 548 3047; x_wconf 93' lang='lat' dir='ltr'><strong>ipsos</strong></span> <span class='ocrx_word' id='word_1_162' title='bbox 578 2976 611 3029; x_wconf 89' lang='lat' dir='ltr'><strong>ct</strong></span> <span class='ocrx_word' id='word_1_163' title='bbox 645 2968 833 3029; x_wconf 90' lang='lat' dir='ltr'><strong>moderatos</strong></span> <span class='ocrx_word' id='word_1_164' title='bbox 864 2976 898 3028; x_wconf 93' lang='lat' dir='ltr'><strong>et</strong></span> <span class='ocrx_word' id='word_1_165' title='bbox 927 2986 1046 3047; x_wconf 84' lang='lat' dir='ltr'><strong>graves</strong></span> <span class='ocrx_word' id='word_1_166' title='bbox 1073 2965 1237 3028; x_wconf 88' lang='lat' dir='ltr'><strong>exstitisse</strong></span> <span class='ocrx_word' id='word_1_167' title='bbox 1267 2966 1395 3042; x_wconf 80' lang='lat' dir='ltr'><strong>fateor3</strong></span> 
     </span>
     <span class='ocr_line' id='line_1_22' title="bbox 293 3069 1396 3151; baseline -0.002 -19"><span class='ocrx_word' id='word_1_168' title='bbox 293 3070 395 3132; x_wconf 90' lang='lat' dir='ltr'><strong>etiam</strong></span> <span class='ocrx_word' id='word_1_169' title='bbox 425 3069 505 3132; x_wconf 92' lang='lat' dir='ltr'><strong>illud</strong></span> <span class='ocrx_word' id='word_1_170' title='bbox 536 3069 693 3151; x_wconf 87' lang='lat' dir='ltr'><strong>adiungo,</strong></span> <span class='ocrx_word' id='word_1_171' title='bbox 717 3071 851 3151; x_wconf 88' lang='lat' dir='ltr'><strong>saepius</strong></span> <span class='ocrx_word' id='word_1_172' title='bbox 879 3071 921 3132; x_wconf 91' lang='lat' dir='ltr'><strong>ad</strong></span> <span class='ocrx_word' id='word_1_173' title='bbox 951 3070 1083 3132; x_wconf 90' lang='lat' dir='ltr'><strong>laudem</strong></span> <span class='ocrx_word' id='word_1_174' title='bbox 1114 3080 1214 3151; x_wconf 90' lang='lat' dir='ltr'><strong>atque</strong></span> <span class='ocrx_word' id='word_1_175' title='bbox 1240 3071 1396 3132; x_wconf 91' lang='lat' dir='ltr'><strong>virtutem</strong></span> 
     </span>
     <span class='ocr_line' id='line_1_23' title="bbox 293 3172 1435 3255; baseline 0.002 -20"><span class='ocrx_word' id='word_1_176' title='bbox 293 3182 448 3235; x_wconf 87' lang='lat' dir='ltr'><strong>naturam</strong></span> <span class='ocrx_word' id='word_1_177' title='bbox 466 3172 537 3236; x_wconf 89' lang='lat' dir='ltr'><strong>sine</strong></span> <span class='ocrx_word' id='word_1_178' title='bbox 553 3174 703 3236; x_wconf 88' lang='lat' dir='ltr'><strong>doctrina</strong></span> <span class='ocrx_word' id='word_1_179' title='bbox 719 3194 818 3255; x_wconf 92' lang='lat' dir='ltr'><strong>quam</strong></span> <span class='ocrx_word' id='word_1_180' title='bbox 832 3173 904 3236; x_wconf 91' lang='lat' dir='ltr'><strong>sine</strong></span> <span class='ocrx_word' id='word_1_181' title='bbox 916 3182 1035 3236; x_wconf 89' lang='lat' dir='ltr'><strong>natura</strong></span> <span class='ocrx_word' id='word_1_182' title='bbox 1046 3172 1188 3236; x_wconf 91' lang='lat' dir='ltr'><strong>valuisse</strong></span> <span class='ocrx_word' id='word_1_183' title='bbox 1201 3172 1393 3235; x_wconf 88' lang='lat' dir='ltr'><strong>doctrinam.</strong></span> <span class='ocrx_word' id='word_1_184' title='bbox 1405 3205 1435 3237; x_wconf 87' lang='lat'><strong>20</strong></span> 
     </span>
     <span class='ocr_line' id='line_1_24' title="bbox 293 3275 1394 3358; baseline -0.003 -19"><span class='ocrx_word' id='word_1_185' title='bbox 293 3277 411 3358; x_wconf 89' lang='lat' dir='ltr'><strong>Atque</strong></span> <span class='ocrx_word' id='word_1_186' title='bbox 433 3277 522 3339; x_wconf 89' lang='lat' dir='ltr'><strong>idem</strong></span> <span class='ocrx_word' id='word_1_187' title='bbox 537 3297 601 3358; x_wconf 87' lang='lat' dir='ltr'><strong>ego</strong></span> <span class='ocrx_word' id='word_1_188' title='bbox 624 3277 688 3340; x_wconf 92' lang='lat' dir='ltr'><strong>hoc</strong></span> <span class='ocrx_word' id='word_1_189' title='bbox 708 3277 884 3353; x_wconf 88' lang='lat' dir='ltr'><strong>contendo,</strong></span> <span class='ocrx_word' id='word_1_190' title='bbox 903 3297 978 3339; x_wconf 93' lang='lat' dir='ltr'><strong>cum</strong></span> <span class='ocrx_word' id='word_1_191' title='bbox 1002 3276 1045 3338; x_wconf 90' lang='lat' dir='ltr'><strong>ad</strong></span> <span class='ocrx_word' id='word_1_192' title='bbox 1067 3286 1220 3338; x_wconf 90' lang='lat' dir='ltr'><strong>naturam</strong></span> <span class='ocrx_word' id='word_1_193' title='bbox 1244 3275 1394 3337; x_wconf 87' lang='lat' dir='ltr'><strong>eximiam</strong></span> 
     </span>
     <span class='ocr_line' id='line_1_25' title="bbox 293 3379 1396 3462; baseline -0.001 -21"><span class='ocrx_word' id='word_1_194' title='bbox 293 3389 329 3442; x_wconf 93' lang='lat' dir='ltr'><strong>et</strong></span> <span class='ocrx_word' id='word_1_195' title='bbox 343 3379 516 3443; x_wconf 91' lang='lat' dir='ltr'><strong>inlustrem</strong></span> <span class='ocrx_word' id='word_1_196' title='bbox 533 3381 710 3444; x_wconf 88' lang='lat' dir='ltr'><strong>accesserit</strong></span> <span class='ocrx_word' id='word_1_197' title='bbox 732 3380 815 3443; x_wconf 91' lang='lat' dir='ltr'><strong>ratio</strong></span> <span class='ocrx_word' id='word_1_198' title='bbox 839 3381 1003 3462; x_wconf 88' lang='lat' dir='ltr'><strong>quaedam</strong></span> <span class='ocrx_word' id='word_1_199' title='bbox 1018 3380 1304 3460; x_wconf 81' lang='lat' dir='ltr'><strong>conformatioque</strong></span> <span class='ocrx_word' id='word_1_200' title='bbox 1323 3380 1396 3441; x_wconf 94' lang='lat' dir='ltr'><strong>doc-</strong></span> 
     </span>
     <span class='ocr_line' id='line_1_26' title="bbox 292 3482 1395 3565; baseline -0.001 -20"><span class='ocrx_word' id='word_1_201' title='bbox 292 3483 410 3558; x_wconf 88' lang='lat' dir='ltr'><strong>trinae,</strong></span> <span class='ocrx_word' id='word_1_202' title='bbox 427 3492 497 3545; x_wconf 93' lang='lat' dir='ltr'><strong>tum</strong></span> <span class='ocrx_word' id='word_1_203' title='bbox 514 3483 596 3546; x_wconf 94' lang='lat' dir='ltr'><strong>illud</strong></span> <span class='ocrx_word' id='word_1_204' title='bbox 612 3485 724 3546; x_wconf 90' lang='lat' dir='ltr'><strong>nescio</strong></span> <span class='ocrx_word' id='word_1_205' title='bbox 740 3483 819 3565; x_wconf 88' lang='lat' dir='ltr'><strong>quid</strong></span> <span class='ocrx_word' id='word_1_206' title='bbox 835 3484 1043 3564; x_wconf 91' lang='lat' dir='ltr'><strong>praeclarum</strong></span> <span class='ocrx_word' id='word_1_207' title='bbox 1059 3503 1097 3545; x_wconf 92' lang='lat' dir='ltr'><strong>ac</strong></span> <span class='ocrx_word' id='word_1_208' title='bbox 1108 3482 1276 3564; x_wconf 87' lang='lat' dir='ltr'><strong>singulare</strong></span> <span class='ocrx_word' id='word_1_209' title='bbox 1289 3484 1395 3545; x_wconf 89' lang='lat' dir='ltr'><strong>solere</strong></span> 
     </span>
     <span class='ocr_line' id='line_1_27' title="bbox 292 3585 1476 3674; baseline -0.002 -26"><span class='ocrx_word' id='word_1_210' title='bbox 292 3585 462 3649; x_wconf 88' lang='lat' dir='ltr'><strong>exsistere.</strong></span> <span class='ocrx_word' id='word_1_211' title='bbox 510 3587 560 3649; x_wconf 91' lang='lat' dir='ltr'><strong>Ex</strong></span> <span class='ocrx_word' id='word_1_212' title='bbox 583 3587 647 3650; x_wconf 93' lang='lat' dir='ltr'><strong>hoc</strong></span> <span class='ocrx_word' id='word_1_213' title='bbox 670 3607 744 3650; x_wconf 90' lang='lat' dir='ltr'><strong>esse</strong></span> <span class='ocrx_word' id='word_1_214' title='bbox 762 3589 851 3650; x_wconf 92' lang='lat' dir='ltr'><strong>hunc</strong></span> <span class='ocrx_word' id='word_1_215' title='bbox 871 3607 1019 3662; x_wconf 89' lang='lat' dir='ltr'><strong>numero,</strong></span> <span class='ocrx_word' id='word_1_216' title='bbox 1037 3607 1135 3669; x_wconf 89' lang='lat' dir='ltr'><strong>quem</strong></span> <span class='ocrx_word' id='word_1_217' title='bbox 1157 3597 1268 3667; x_wconf 90' lang='lat' dir='ltr'><strong>patres</strong></span> <span class='ocrx_word' id='word_1_218' title='bbox 1292 3586 1397 3649; x_wconf 91' lang='lat' dir='ltr'><strong>nostri</strong></span> <span class='ocrx_word' id='word_1_219' title='bbox 1473 3668 1476 3674; x_wconf 26' lang='grc' dir='ltr'>Ι</span> 
     </span>
     <span class='ocr_line' id='line_1_28' title="bbox 292 3689 1432 3769; baseline 0 -17"><span class='ocrx_word' id='word_1_220' title='bbox 292 3689 458 3765; x_wconf 92' lang='lat' dir='ltr'><strong>viderunt,</strong></span> <span class='ocrx_word' id='word_1_221' title='bbox 467 3689 616 3752; x_wconf 76' lang='lat' dir='ltr'><strong>div-inum</strong></span> <span class='ocrx_word' id='word_1_222' title='bbox 629 3691 807 3767; x_wconf 88' lang='lat' dir='ltr'><strong>hominem,</strong></span> <span class='ocrx_word' id='word_1_223' title='bbox 818 3691 1037 3767; x_wconf 83' lang='lat' dir='ltr'><strong>Africanum;</strong></span> <span class='ocrx_word' id='word_1_224' title='bbox 1057 3710 1098 3752; x_wconf 90' lang='lat' dir='ltr'><strong>ex</strong></span> <span class='ocrx_word' id='word_1_225' title='bbox 1108 3690 1170 3752; x_wconf 92' lang='lat' dir='ltr'><strong>hoc</strong></span> <span class='ocrx_word' id='word_1_226' title='bbox 1183 3690 1219 3754; x_wconf 87' lang='lat' dir='ltr'><strong>C.</strong></span> <span class='ocrx_word' id='word_1_227' title='bbox 1234 3690 1395 3765; x_wconf 88' lang='lat' dir='ltr'><strong>Laelium,</strong></span> <span class='ocrx_word' id='word_1_228' title='bbox 1405 3720 1432 3769; x_wconf 80' lang='lat'><strong>²5</strong></span> 
     </span>
     <span class='ocr_line' id='line_1_29' title="bbox 295 3793 1395 3869; baseline -0.002 -13"><span class='ocrx_word' id='word_1_229' title='bbox 295 3793 333 3856; x_wconf 87' lang='lat' dir='ltr'><strong>L.</strong></span> <span class='ocrx_word' id='word_1_230' title='bbox 360 3794 509 3869; x_wconf 93' lang='lat' dir='ltr'><strong>Furium,</strong></span> <span class='ocrx_word' id='word_1_231' title='bbox 533 3794 814 3857; x_wconf 89' lang='lat' dir='ltr'><strong>moderatissimos</strong></span> <span class='ocrx_word' id='word_1_232' title='bbox 837 3795 989 3857; x_wconf 91' lang='lat' dir='ltr'><strong>homines</strong></span> <span class='ocrx_word' id='word_1_233' title='bbox 1012 3804 1047 3857; x_wconf 90' lang='lat' dir='ltr'><strong>et</strong></span> <span class='ocrx_word' id='word_1_234' title='bbox 1071 3793 1374 3856; x_wconf 89' lang='lat' dir='ltr'><strong>continentissimos</strong></span> <span class='ocrx_word' id='word_1_235' title='bbox 1387 3813 1395 3869; x_wconf 92' lang='lat'>;</span> 
     </span>
     <span class='ocr_line' id='line_1_30' title="bbox 293 3896 1395 3979; baseline -0.003 -20"><span class='ocrx_word' id='word_1_236' title='bbox 293 3917 334 3959; x_wconf 90' lang='lat' dir='ltr'><strong>ex</strong></span> <span class='ocrx_word' id='word_1_237' title='bbox 350 3898 413 3961; x_wconf 92' lang='lat' dir='ltr'><strong>hoc</strong></span> <span class='ocrx_word' id='word_1_238' title='bbox 436 3897 656 3961; x_wconf 86' lang='lat' dir='ltr'><strong>fortissimum</strong></span> <span class='ocrx_word' id='word_1_239' title='bbox 672 3899 779 3960; x_wconf 93' lang='lat' dir='ltr'><strong>virum</strong></span> <span class='ocrx_word' id='word_1_240' title='bbox 794 3907 828 3960; x_wconf 91' lang='lat' dir='ltr'><strong>et</strong></span> <span class='ocrx_word' id='word_1_241' title='bbox 850 3899 914 3960; x_wconf 87' lang='lat' dir='ltr'><strong>illis</strong></span> <span class='ocrx_word' id='word_1_242' title='bbox 930 3897 1135 3979; x_wconf 90' lang='lat' dir='ltr'><strong>temporibus</strong></span> <span class='ocrx_word' id='word_1_243' title='bbox 1158 3896 1395 3971; x_wconf 91' lang='lat' dir='ltr'><strong>doctissimum,</strong></span> 
     </span>
     <span class='ocr_line' id='line_1_31' title="bbox 295 3998 1398 4083; baseline -0.003 -20"><span class='ocrx_word' id='word_1_244' title='bbox 295 4000 340 4064; x_wconf 89' lang='lat' dir='ltr'><strong>M.</strong></span> <span class='ocrx_word' id='word_1_245' title='bbox 359 4002 525 4067; x_wconf 90' lang='lat' dir='ltr'><strong>Catonem</strong></span> <span class='ocrx_word' id='word_1_246' title='bbox 540 4000 631 4063; x_wconf 91' lang='lat' dir='ltr'><strong>illum</strong></span> <span class='ocrx_word' id='word_1_247' title='bbox 649 4020 783 4077; x_wconf 90' lang='lat' dir='ltr'><strong>senem;</strong></span> <span class='ocrx_word' id='word_1_248' title='bbox 807 4002 864 4083; x_wconf 91' lang='lat' dir='ltr'><strong>qui</strong></span> <span class='ocrx_word' id='word_1_249' title='bbox 888 4001 1039 4082; x_wconf 84' lang='lat' dir='ltr'><strong>profecto</strong></span> <span class='ocrx_word' id='word_1_250' title='bbox 1059 4001 1086 4061; x_wconf 95' lang='lat' dir='ltr'><strong>si</strong></span> <span class='ocrx_word' id='word_1_251' title='bbox 1102 3999 1184 4062; x_wconf 92' lang='lat' dir='ltr'><strong>nihil</strong></span> <span class='ocrx_word' id='word_1_252' title='bbox 1200 4000 1242 4060; x_wconf 91' lang='lat' dir='ltr'><strong>ad</strong></span> <span class='ocrx_word' id='word_1_253' title='bbox 1259 3998 1398 4081; x_wconf 90' lang='lat' dir='ltr'><strong>percipi-</strong></span> 
     </span>
    </p>
   </div>
   <div class='ocr_carea' id='block_1_7' title="bbox 0 0 1692 4775">
    <p class='ocr_par' dir='ltr' id='par_1_7' title="bbox 0 0 1692 4775">
     <span class='ocr_line' id='line_1_32' title="bbox 0 0 1692 4775; baseline 0 0"><span class='ocrx_word' id='word_1_254' title='bbox 0 0 1692 4775; x_wconf 95' lang='lat' dir='ltr'><strong> </strong></span> 
     </span>
    </p>
   </div>
  </div>
 </body>
</html>
