3375 4775
514 615 631 686 THIRD
655 614 812 663 ORATION
835 612 988 662 AGAINST
1010 612 1178 662 CATILINE
1341 616 1397 683 135

291 791 357 869 sit;
391 789 429 854 C.
455 790 611 864 Marium,
634 788 807 851 efistodem
835 789 934 851 huius
958 787 1058 864 urbis,
1083 787 1272 869 multosque
1297 788 1400 850 fortes

292 895 386 958 viros
416 894 537 975 partim
569 893 665 955 eiecit
695 911 735 954 ex
772 892 915 967 civitate,
948 890 1066 974 partim
1102 891 1278 954 interemit.
1337 890 1398 954 Cn.

296 998 460 1063 Octavius
487 997 604 1059 consul
627 1004 727 1057 armis
751 994 877 1076 expulit
899 1014 940 1057 ex
963 994 1043 1056 urbe
1067 994 1261 1077 conlegam3
1294 994 1399 1058 omnis

297 1104 352 1165 hic
368 1102 461 1164 locus
477 1109 604 1163 acervis
620 1118 797 1179 corporum
814 1107 848 1160 et
869 1097 988 1159 civium
1011 1098 1174 1179 sanguine
1191 1099 1398 1162 redundavit.

298 1205 478 1287 Superavit
500 1211 616 1285 postea
640 1204 748 1268 Cinna
771 1221 847 1265 cum
873 1202 998 1278 Mario;
1023 1211 1093 1264 tum
1113 1210 1192 1265 vero
1210 1204 1399 1268 clarissimis
1424 1234 1435 1282 5

296 1312 377 1373 viris
397 1310 582 1371 interfectis
603 1307 728 1369 himina
749 1305 891 1368 civitatis
913 1316 1076 1369 exstincta
1097 1318 1181 1370 sunt.
1230 1310 1331 1373 Ultus
1351 1319 1402 1373 est

298 1415 399 1477 huius
419 1413 577 1476 victoriae
598 1411 828 1475 crfidelitatem
847 1418 965 1493 postea
985 1412 1094 1487 Sulla;
1119 1420 1162 1474 ne
1183 1413 1248 1476 dici
1268 1415 1401 1497 quidem

297 1542 386 1603 opus
402 1531 453 1583 est
471 1526 595 1602 quanta
616 1518 841 1580 demim'itione
864 1518 985 1580 civium
1009 1529 1042 1582 et
1065 1526 1190 1601 quanta
1214 1520 1402 1583 calamitate

298 1635 349 1689 rei
373 1624 534 1706 psiblicae.
584 1621 751 1684 Dissensit
773 1622 820 1683 M.
840 1621 989 1703 Lepidus
1009 1630 1029 1684 a
1048 1624 1230 1686 clarissimo
1246 1634 1279 1687 et
1295 1624 1402 1687 fortis-

298 1733 386 1796 simo
408 1732 479 1794 viro
502 1731 543 1813 Q.
569 1730 707 1805 Catulo;
741 1729 851 1791 attulit
873 1738 1030 1792 nontam
1053 1732 1157 1812 ipsius
1181 1730 1332 1793 interitus
1356 1741 1403 1792 rei
1414 1763 1440 1794 10

298 1837 455 1920 pflblicae
479 1837 603 1898 hictum
627 1856 726 1916 quam
751 1842 946 1898 ceterorum.

345 1942 460 2024 Atque
483 1941 559 2001 illae
582 1948 695 2002 tamen
720 1947 835 2002 omnes
859 1940 1082 2003 dissensiones
1106 1951 1201 2004 erant
1222 1942 1292 2003 eius
1313 1942 1403 2003 modi

300 2068 387 2129 quae
407 2055 474 2110 non
495 2046 537 2108 ad
559 2045 744 2120 delendam,
766 2046 825 2108 sed
848 2046 890 2108 ad
911 2045 1181 2108 commntandam
1205 2066 1274 2108 rem
1300 2045 1403 2126 publi-

300 2172 373 2214 cam
394 2150 606 2232 pertinerent.
656 2152 733 2213 Non
753 2149 800 2211 illi
820 2151 945 2212 millam
966 2170 1040 2212 esse
1060 2170 1129 2211 rem
1150 2150 1325 2230 piiblicam,
1344 2148 1402 2210 sed

301 2257 334 2317 in
352 2262 492 2337 eaquae
509 2263 650 2318 essetse
669 2275 743 2318 esse
764 2254 941 2336 principes
959 2275 1068 2336 neque
1088 2256 1174 2316 hanc
1197 2253 1311 2315 urbem
1330 2261 1439 2328 con-15

302 2361 453 2442 flagrare,
471 2360 529 2424 sed
549 2369 585 2425 se
604 2363 637 2424 in
654 2362 716 2425 hic
733 2360 814 2424 urbe
830 2360 947 2424 florere
962 2360 1148 2424 voluerunt.
1196 2360 1309 2440 Atque
1328 2357 1403 2420 iliae

300 2475 414 2528 tamen
435 2474 550 2530 onmes
566 2468 800 2543 dissensiones
819 2475 959 2549 quarum
976 2467 1066 2527 nilla
1084 2465 1215 2527 exitium
1233 2473 1281 2526 rei
1300 2462 1404 2543 pnbii-

301 2590 361 2632 eae
377 2571 549 2653 quaesivit,
567 2570 637 2635 eius
654 2573 743 2635 modi
758 2572 895 2635 fuerunt
909 2582 946 2634 ut
963 2579 1028 2633 non
1045 2569 1314 2633 reconciliatione
1330 2588 1404 2629 con-

301 2674 446 2748 cordiae,
468 2675 527 2738 sed
548 2675 774 2739 internecione
796 2678 916 2739 civium
936 2675 1135 2739 diiiidicatae
1157 2674 1231 2735 sint.
1280 2672 1320 2732 In
1342 2673 1404 2732 hoc

301 2790 413 2842 autem
431 2787 498 2842 imo
514 2789 590 2860 post
605 2780 775 2843 hominum
794 2781 985 2844 memoriam
1004 2779 1147 2842 maximo
1166 2775 1442 2841 cnidelissimozo

301 2903 367 2965 que
388 2883 485 2958 bello,
508 2884 605 2964 quale
625 2883 749 2947 bellum
775 2885 865 2947 milla
889 2905 1045 2966 umquam
1070 2883 1222 2945 barbaria
1246 2901 1319 2944 cum
1345 2885 1405 2940 sua

302 2998 404 3069 gente
423 2986 536 3068 gessit,
554 2989 670 3070 quoin
690 2988 778 3052 bello
796 2989 849 3051 lex
865 2989 948 3050 haec
964 2989 1027 3050 fuit
1044 2995 1063 3048 ἑ
1081 2972 1233 3061 Lentulo,
1252 2984 1403 3056 Catilina,

303 3092 464 3172 Cethego,
488 3091 604 3155 Cassio
625 3092 814 3167 constitfita,
836 3101 873 3154 ut
894 3099 1009 3155 omnes
1032 3101 1088 3172 qui
1108 3091 1199 3152 salva
1220 3088 1301 3151 urbe
1324 3086 1406 3148 salvi

302 3216 376 3259 esse
398 3205 537 3277 possent
558 3195 591 3257 in
611 3196 758 3259 hostium
779 3203 920 3259 numero
941 3196 1151 3268 dicerentur,
1169 3194 1214 3256 ita
1236 3198 1289 3254 me
1306 3198 1403 3272 gessi,

303 3299 460 3381 Quirites
490 3308 527 3361 ut
554 3299 637 3361 salvi
663 3307 778 3362 omnes
807 3299 1095 3372 conservaremini,
1125 3308 1158 3360 et
1186 3317 1258 3360 cum
1292 3296 1441 3368 hostes25

301 3413 403 3466 vestri
429 3412 562 3465 tantum
594 3404 713 3465 civium
748 3404 1000 3484 superiutiirum
1036 3409 1210 3482 putassent
1243 3408 1405 3481 quantum

301 3509 454 3570 infinitae
486 3506 581 3569 caedi
610 3507 793 3582 restitisset,
822 3516 951 3569 tantum
983 3514 1093 3568 autem
1127 3504 1216 3566 urbis
1244 3513 1403 3584 quantum

302 3611 436 3674 flamma
466 3610 558 3672 obire
585 3617 651 3672 non
679 3610 851 3692 potuisset,
875 3619 910 3674 et
939 3609 1055 3672 urbem
1082 3618 1116 3672 et
1142 3614 1231 3670 cives
1258 3607 1405 3685 integros

299 3716 555 3797 incolumesque
576 3721 713 3778 servavi.
