3375 4775
336 574 397 638 126
687 583 865 635 onlnons
888 585 933 635 or
956 584 1084 636 cremo

333 760 500 835 comitetu,
521 761 661 841 integris
685 770 788 841 signis
812 759 1022 841 praeteribus
1045 759 1239 837 treduntur;
1264 761 1331 843 ipsi
1353 781 1440 825 com-

332 864 489 945 prehensi
505 864 547 925 ad
564 871 626 939 me,
643 884 718 925 cum
735 863 799 925 iam
816 864 1042 940 dilucesceret,
1055 864 1275 927 deducuntur.
1323 864 1439 948 Atque

332 967 450 1029 herum
481 968 628 1030 omnium
660 967 822 1030 scelerum
850 967 1132 1048 improbissimum
1165 969 1436 1044 mechineterem

333 1069 503 1134 Cimbrum
528 1070 716 1145 Gabinium,
742 1070 851 1133 statim
877 1071 919 1132 ad
943 1077 996 1133 me
1019 1070 1182 1134 nihildum
1210 1071 1437 1153 suspicantem

310 1181 466 1251 5vocev13
505 1174 626 1237 deinde
652 1174 732 1237 item
763 1184 941 1237 arcessitus
968 1185 1019 1237 est
1048 1174 1085 1237 L.
1116 1174 1266 1239 Statilius
1296 1185 1331 1240 et
1362 1186 1438 1258 post

332 1297 407 1340 eum
426 1278 462 1342 C.
482 1278 651 1360 Cethegus
662 1299 670 1355 ;
694 1278 882 1341 tardissime
899 1289 1010 1342 autem
1031 1279 1195 1342 Lentulus
1217 1278 1319 1355 venit,
1337 1280 1437 1342 crede

332 1382 422 1464 quod
449 1381 483 1445 in
513 1382 630 1445 litteris
660 1382 779 1445 dandis
810 1392 943 1464 praeter
980 1384 1255 1446 censuetr‘rdinem
1286 1384 1437 1466 proxime

333 1496 431 1548 nocte
448 1486 609 1567 vigilerat.
658 1487 741 1550 Cum
756 1496 893 1548 summis
910 1496 943 1549 et
962 1486 1153 1549 clerissimis
1171 1486 1269 1550 huius
1293 1487 1436 1550 civitetis

332 1591 419 1665 viris,
444 1599 501 1671 qui
522 1590 634 1653 audite
658 1599 692 1653 re
717 1592 911 1673 frequentes
935 1592 977 1653 ad
1001 1598 1054 1653 me
1078 1598 1176 1655 mene
1199 1599 1434 1669 convenerant,

296 1694 459 1758 relitteres
472 1702 491 1756 e
504 1702 557 1757 me
570 1697 660 1776 prius
673 1706 794 1777 aperiri
809 1717 909 1778 quam
922 1697 965 1758 ad
978 1704 1130 1759 senetum
1144 1698 1267 1760 deferri
1277 1698 1434 1778 placeret,

332 1805 384 1873 ne,
402 1808 430 1860 si
445 1798 529 1860 nihil
551 1809 639 1861 esset
663 1801 844 1875 inventum,
863 1809 988 1864 temere
1012 1808 1032 1863 e
1057 1808 1110 1863 me
1135 1809 1248 1864 tantus
1273 1802 1435 1865 tumultus

332 1891 473 1966 iniectus
497 1903 621 1966 civitati
637 1905 810 1980 videretur,
829 1913 950 1986 negavi
970 1912 1022 1967 me
1044 1925 1119 1968 esse
1142 1906 1310 1968 iacturum
1335 1915 1372 1970 ut
1394 1908 1436 1969 de

333 2007 479 2089 periculi)
495 2008 628 2089 publice
645 2017 711 2071 nen
728 2010 770 2071 ad
786 2010 961 2072 censilium
982 2010 1152 2092 publicum
1176 2030 1245 2073 rem
1270 2012 1434 2092 integram

333 2111 508 2175 deferrem.
542 2113 685 2189 Etenim,
704 2114 860 2195 Quirites,
879 2123 906 2176 si
921 2134 961 2177 ea
979 2134 1066 2196 quae
1082 2123 1177 2177 erant
1196 2114 1238 2177 ad
1255 2121 1309 2177 me
1324 2115 1435 2178 deleta

297 2243 322 2291 ις
333 2226 465 2297 reperta
484 2226 550 2280 nen
570 2228 692 2295 essent,
710 2227 821 2282 tamen
843 2239 908 2300 ego
929 2227 996 2281 nen
1016 2218 1200 2281 arbitrabar
1215 2220 1248 2280 in
1265 2228 1368 2282 tantis
1389 2229 1436 2282 rei

333 2321 485 2402 pirblicae
511 2324 664 2404 periculis
689 2343 764 2385 esse
788 2323 869 2384 mihi
895 2322 1030 2384 nimiam
1055 2323 1259 2405 diligentiam
1284 2325 1435 2405 pertime-

334 2426 500 2488 scendam.
541 2427 701 2491 Senatum
719 2427 929 2508 frequentem
946 2426 1105 2502 celeriter,
1123 2437 1159 2489 ut
1175 2426 1312 2503 vidistis,
1330 2435 1432 2508 coegi.

332 2529 448 2609 Atque
471 2531 598 2593 interce
626 2533 735 2594 statim
760 2532 930 2593 admonitu
954 2531 1175 2611 Allobrogum
1193 2532 1229 2595 C.
1249 2530 1433 2612 Sulpicium

334 2642 529 2713 praeterem,
547 2634 667 2698 fortem
684 2637 800 2710 virum,
827 2644 909 2710 misi,
936 2644 993 2716 qui
1016 2655 1056 2697 ex
1077 2634 1216 2698 aedibus
1238 2634 1389 2716 Cethegi,
1407 2644 1434 2697 si

295 2736 411 2818 aoquid
436 2737 575 2799 telerum
603 2748 699 2811 esset,
717 2739 870 2814 efferret;
897 2758 937 2800 ex
953 2739 1072 2820 quibus
1087 2738 1142 2801 ille
1159 2738 1339 2802 meximum
1356 2745 1433 2802 sice-

332 2860 406 2902 rum
422 2861 596 2904 numerum
613 2852 646 2905 et
661 2842 848 2924 gladierum
864 2842 988 2905 extulit

398 3099 579 3165 Volturcius
593 3101 666 3163 ond
677 3101 731 3163 tlte
745 3100 935 3183 Allobroges
951 3100 1105 3164 reoeoled
1117 3101 1171 3164 tle
1185 3101 1289 3166 whole
1295 3102 1377 3184 plot.

376 3284 406 3342 4.
440 3264 613 3326 I'ntredr'rxi
638 3263 847 3327 Volturcium
875 3263 945 3327 sine
978 3264 1099 3341 Gallis;
1135 3264 1233 3327 fidem
1267 3264 1430 3346 perblicam

332 3368 423 3430 iussr‘r
446 3375 581 3431 senett'rs
605 3368 701 3445 dedi;
727 3369 877 3431 hortatus
902 3388 983 3444 sum,
1007 3378 1044 3431 ut
1067 3388 1107 3431 ea
1130 3388 1215 3450 quae
1239 3378 1339 3431 sciret
1362 3369 1431 3431 sine

332 3472 449 3535 timere
475 3473 645 3536 indiceret.
692 3473 779 3534 Tum
804 3472 860 3534 ille
887 3473 977 3546 dixit,
1002 3493 1078 3535 cum
1102 3473 1157 3533 vix
1184 3479 1219 3535 se
1244 3492 1284 3535 ex
1311 3478 1433 3552 migne

296 3606 322 3654 ²5
332 3577 449 3638 timere
476 3583 668 3651 recreesset,
696 3583 716 3637 e
744 3577 777 3638 P.
809 3577 952 3639 Lentule
980 3584 1015 3639 se
1039 3576 1163 3639 habere
1186 3577 1227 3638 ad
1257 3575 1433 3640 Catilinam

333 3679 490 3742 mandeta
506 3689 539 3742 et
560 3679 695 3755 litteriis
714 3689 750 3742 ut
771 3689 941 3743 serverum
966 3681 1131 3761 praesidie
1155 3687 1311 3755 uteretur,
1332 3687 1368 3742 ut
1391 3679 1432 3741 ad

333 3783 447 3846 urbem
473 3803 572 3864 quam
597 3792 739 3865 primum
764 3804 839 3847 cum
863 3786 1008 3847 exercitu
1037 3783 1228 3859 accederet;
1260 3784 1294 3847 id
1321 3793 1431 3847 autem

332 3895 373 3950 ee
389 3887 534 3960 censilie,
552 3896 597 3962 ut,
615 3908 689 3951 cum
710 3889 825 3951 urbem
851 3909 891 3950 ex
914 3888 1067 3951 omnibus
1091 3887 1250 3970 partibus
1267 3906 1367 3969 quem
1391 3886 1432 3950 ad

333 3991 468 4052 modum
492 3990 686 4073 discriptum
710 3992 989 4075 distributumque
1012 4002 1093 4068 erat,
1115 3991 1344 4055 incendissent
1364 4008 1433 4053 cae-
