3375 4775
530 624 687 673 ORATION
710 625 779 674 FOR
800 625 876 673 THE
900 625 988 674 POET
1011 626 1165 673 ARCHIAS
1339 630 1399 692 203

299 800 422 863 multos
445 798 592 875 donavit,
605 820 715 881 neque
741 820 802 881 per
824 820 985 881 seneque
1002 820 1062 881 per
1078 800 1236 863 Lucullos
1249 799 1401 882 impetra-

298 903 423 967 visset?
477 902 545 985 Qui
570 904 766 984 praesertim
800 924 906 985 usque
937 923 976 966 eo
1007 904 1048 966 de
1074 903 1142 966 suis
1172 903 1271 967 rebus
1302 903 1401 966 scribi

297 1016 436 1088 cuperet
452 1016 489 1069 ut
512 1008 612 1069 etiam
639 1007 814 1071 Cordubae
842 1007 929 1069 natis
955 1009 1072 1088 poetis
1091 1009 1215 1088 pingue
1241 1007 1399 1089 quiddam

297 1109 495 1174 sonantibus
511 1118 610 1193 atque
623 1110 845 1192 peregrinum,
864 1119 975 1174 tamen
992 1131 1089 1173 aures
1106 1130 1183 1173 suas
1195 1110 1340 1173 dederet.

268 1335 272 1340 Ι
305 1370 359 1433 We
376 1370 430 1433 all
449 1370 520 1431 love
536 1370 641 1453 glory,
657 1371 729 1433 and
744 1370 866 1433 slrould
882 1370 1039 1453 tlrerefme
1053 1372 1156 1433 honor
1169 1372 1222 1433 tlte
1237 1381 1314 1453 poet
1328 1370 1400 1433 who
1483 1421 1493 1436 .

473 1473 611 1536 becomes
631 1475 684 1537 the
705 1475 826 1538 herald
843 1477 884 1557 of
899 1496 961 1538 our
979 1475 1224 1537 acltz'cuemenls.

342 1648 390 1691 11.
425 1629 546 1711 Neque
561 1630 650 1691 enim
667 1638 718 1692 est
734 1631 796 1691 hoe
818 1630 1102 1705 dissimulandum,
1120 1630 1208 1712 quod
1230 1629 1400 1693 obscurari
1423 1658 1434 1706 5

294 1753 363 1795 non
391 1741 513 1814 potest,
541 1733 600 1795 sed
631 1752 711 1814 prae
739 1732 835 1796 nobis
867 1733 1061 1810 ferendum3
1093 1734 1253 1796 trahimur
1283 1754 1399 1797 omnes

294 1836 406 1899 studio
431 1836 548 1912 laudis
572 1846 605 1899 et
628 1836 774 1918 optimus
798 1838 944 1919 quisque·
963 1837 1102 1899 maxime
1126 1837 1231 1918 gloria
1257 1838 1396 1899 ducitur.

296 1940 368 2021 Ipsi
394 1940 441 2002 illi
468 1940 669 2021 philosophi,
689 1942 789 2003 etiam
816 1942 851 2002 in
875 1940 913 2003 iis
937 1940 1055 2003 libellis
1082 1962 1165 2021 quos
1191 1941 1233 2004 de
1257 1951 1399 2003 contem-

295 2044 407 2107 nenda
423 2044 529 2125 gloria
545 2043 703 2119 scribunt,
720 2064 843 2107 nomen
865 2065 960 2106 suum
983 2044 1184 2119 inscribunt;
1209 2045 1297 2106 ineo
1315 2046 1397 2124 ipso,

294 2148 328 2209 in
353 2168 420 2229 quo
443 2148 725 2229 praedicationem
752 2148 1024 2229 nobilitatemque
1051 2147 1247 2229 despiciunt,
1272 2147 1436 2228 praedi-10

295 2252 363 2313 cari
386 2252 429 2315 de
452 2271 489 2313 se
510 2270 548 2314 ac
570 2251 733 2313 nominari
755 2252 879 2314 volunt.
928 2252 1087 2314 Decimus
1109 2251 1241 2333 quidem
1266 2239 1397 2327 Brutus,

294 2374 446 2418 summus
467 2354 517 2418 vir
537 2364 570 2418 et
590 2354 779 2437 imperator,
797 2356 892 2431 Acci,
910 2356 1098 2418 amicissimi
1120 2356 1179 2430 sui,
1198 2354 1398 2418 carminibus

293 2460 497 2540 templorum
524 2480 563 2523 ac
590 2469 882 2523 monumentorum
913 2460 1022 2522 aditus
1053 2460 1223 2522 exornavit
1253 2479 1396 2523 suorum.

296 2564 368 2625 Iam
399 2583 480 2627 vero
510 2564 574 2639 ille,
606 2565 662 2646 qui
693 2584 769 2626 cum
800 2565 931 2627 Aetolis
964 2564 1073 2626 Ennio
1104 2565 1224 2627 comite
1254 2564 1397 2640 bellavit,

295 2668 436 2729 Fulvius
457 2687 524 2731 non
545 2667 708 2730 dubitavit
731 2667 848 2730 Martis
872 2669 1045 2730 manubias
1069 2668 1177 2730 Musis
1193 2688 1396 2731 consecrare.
1410 2696 1434 2744 ις

294 2771 373 2852 Qua
395 2791 432 2834 re
456 2772 489 2832 in
513 2792 580 2853 qua
602 2771 684 2833 urbe
710 2773 927 2852 imperatores
956 2791 1059 2852 prope
1083 2771 1201 2833 armati
1226 2779 1397 2852 poetarum

293 2894 417 2937 nomen
441 2884 475 2937 et
500 2875 673 2937 Musarum
699 2875 836 2938 delubra
860 2875 1041 2950 coluerunt,
1066 2875 1100 2936 in
1123 2895 1162 2938 ea
1185 2896 1251 2937 non
1276 2876 1400 2939 debent

294 2979 401 3058 togati
426 2977 553 3041 iudices
580 2999 600 3040 a
629 2981 802 3042 Musarum
833 2979 960 3042 honore
986 2989 1020 3042 et
1045 3000 1065 3040 a
1092 2986 1265 3060 poetarum
1293 2979 1398 3042 salute

293 3080 484 3145 abhorrere.

255 3257 262 3268 ·
340 3186 455 3266 Atque
481 3196 517 3249 ut
542 3187 576 3249 id
606 3187 761 3250 libentius
790 3188 929 3262 faciatis,
958 3188 1023 3249 iam
1052 3206 1104 3249 me
1131 3186 1233 3261 vobis
1262 3187 1396 3262 iudices,
1407 3219 1437 3250 20

293 3288 449 3352 indicabo
465 3299 499 3352 et
518 3290 560 3353 de
580 3280 653 3354 meo
676 3292 820 3372 quodam
841 3311 954 3354 amore
976 3291 1109 3372 gloriae,
1128 3290 1225 3353 nimis
1246 3291 1314 3354 acri
1335 3291 1399 3352 ior-

293 3402 385 3456 tasse
408 3413 523 3456 verum
547 3404 660 3457 tamen
684 3395 834 3471 honesto,
852 3395 946 3459 vobis
970 3395 1161 3459 confitebor.
1211 3396 1299 3458 Nam
1315 3415 1398 3477 quas

293 3517 348 3560 res
375 3518 436 3560 nos
463 3497 497 3560 in
527 3499 701 3562 consulatu
732 3510 847 3563 nostro
872 3501 1044 3563 vobiscum
1072 3499 1171 3562 simul
1201 3520 1261 3581 pro
1292 3499 1398 3561 salute

294 3601 393 3664 huius
417 3601 508 3664 urbis
531 3613 632 3685 atque
655 3603 785 3685 imperii
808 3613 841 3666 et
866 3624 925 3684 pro
946 3606 1015 3666 vita
1038 3605 1158 3665 civium
1183 3623 1309 3684 proque
1330 3601 1399 3663 uni-

293 3725 391 3768 versa
411 3726 447 3768 re
470 3705 603 3787 publica
624 3708 797 3788 gessimus
815 3708 925 3788 attigit
949 3708 1001 3769 hic
1021 3708 1171 3769 versibus
1193 3717 1292 3788 atque
1313 3705 1434 3779 inco-25

293 3809 394 3872 havit.
445 3809 576 3892 Quibus
600 3811 730 3886 auditis
755 3812 844 3892 quod
873 3812 952 3872 mihi
977 3831 1099 3891 magna
1123 3832 1174 3873 res
1198 3820 1231 3873 et
1255 3810 1399 3872 iucunda

293 3912 363 3976 visa
387 3922 450 3988 est,
471 3914 560 3976 hunc
584 3914 625 3975 ad
650 3914 886 3995 perficiendum
912 3916 1106 3977 adhortatus
1130 3935 1212 3976 sum.
1262 3913 1397 3975 Nullam

292 4018 380 4080 cnim
417 4016 523 4080 virtus
560 4018 658 4081 aliam
697 4018 884 4081 mercedem
923 4019 1070 4081 laborum
1111 4017 1398 4099 periculorumque
